%YAML 1.1
%TAG !u! tag:unity3d.com,2011:
--- !u!114 &-3237136363549390257
MonoBehaviour:
  m_ObjectHideFlags: 3
  m_CorrespondingSourceObject: {fileID: 0}
  m_PrefabInstance: {fileID: 0}
  m_PrefabAsset: {fileID: 0}
  m_GameObject: {fileID: 0}
  m_Enabled: 1
  m_EditorHideFlags: 0
  m_Script: {fileID: 11500000, guid: 0d7593b3a9277ac4696b20006c21dde2, type: 3}
  m_Name: VisualEnvironment
  m_EditorClassIdentifier: 
  active: 1
  m_AdvancedMode: 0
  skyType:
    m_OverrideState: 1
    m_Value: 2
  skyAmbientMode:
    m_OverrideState: 0
    m_Value: 0
  fogType:
    m_OverrideState: 0
    m_Value: 0
--- !u!114 &-2631379928666764850
MonoBehaviour:
  m_ObjectHideFlags: 3
  m_CorrespondingSourceObject: {fileID: 0}
  m_PrefabInstance: {fileID: 0}
  m_PrefabAsset: {fileID: 0}
  m_GameObject: {fileID: 0}
  m_Enabled: 1
  m_EditorHideFlags: 0
  m_Script: {fileID: 11500000, guid: 598e2d32e2c7b0c418e030c3236d663a, type: 3}
  m_Name: ChromaticAberration
  m_EditorClassIdentifier: 
  active: 0
  m_AdvancedMode: 0
  spectralLut:
    m_OverrideState: 0
    m_Value: {fileID: 0}
  intensity:
    m_OverrideState: 1
    m_Value: 1
    min: 0
    max: 1
  maxSamples:
    m_OverrideState: 0
    m_Value: 8
    min: 3
    max: 24
--- !u!114 &-333041103338351378
MonoBehaviour:
  m_ObjectHideFlags: 3
  m_CorrespondingSourceObject: {fileID: 0}
  m_PrefabInstance: {fileID: 0}
  m_PrefabAsset: {fileID: 0}
  m_GameObject: {fileID: 0}
  m_Enabled: 1
  m_EditorHideFlags: 0
  m_Script: {fileID: 11500000, guid: 9008a067f4d626c4d8bc4bc48f04bb89, type: 3}
  m_Name: AmbientOcclusion
  m_EditorClassIdentifier: 
  active: 1
  m_AdvancedMode: 0
  intensity:
    m_OverrideState: 1
    m_Value: 0.5
    min: 0
    max: 4
  thicknessModifier:
    m_OverrideState: 0
    m_Value: 1
    min: 1
    max: 10
  directLightingStrength:
    m_OverrideState: 0
    m_Value: 0
    min: 0
    max: 1
  noiseFilterTolerance:
    m_OverrideState: 0
    m_Value: 0
    min: -8
    max: 0
  blurTolerance:
    m_OverrideState: 0
    m_Value: -4.6
    min: -8
    max: 1
  upsampleTolerance:
    m_OverrideState: 0
    m_Value: -12
    min: -12
    max: -1
--- !u!114 &-184973840021242154
MonoBehaviour:
  m_ObjectHideFlags: 3
  m_CorrespondingSourceObject: {fileID: 0}
  m_PrefabInstance: {fileID: 0}
  m_PrefabAsset: {fileID: 0}
  m_GameObject: {fileID: 0}
  m_Enabled: 1
  m_EditorHideFlags: 0
  m_Script: {fileID: 11500000, guid: da5ab44aadfb1804db5fd470983ac1b8, type: 3}
  m_Name: LiftGammaGain
  m_EditorClassIdentifier: 
  active: 1
  m_AdvancedMode: 0
  lift:
    m_OverrideState: 0
    m_Value: {x: 1, y: 1, z: 1, w: 0}
  gamma:
    m_OverrideState: 1
    m_Value: {x: 1, y: 1, z: 1, w: 0}
  gain:
    m_OverrideState: 0
    m_Value: {x: 1, y: 1, z: 1, w: 0}
--- !u!114 &11400000
MonoBehaviour:
  m_ObjectHideFlags: 0
  m_CorrespondingSourceObject: {fileID: 0}
  m_PrefabInstance: {fileID: 0}
  m_PrefabAsset: {fileID: 0}
  m_GameObject: {fileID: 0}
  m_Enabled: 1
  m_EditorHideFlags: 0
  m_Script: {fileID: 11500000, guid: d7fd9488000d3734a9e00ee676215985, type: 3}
  m_Name: SET_SpeedPostPro
  m_EditorClassIdentifier: 
  components:
  - {fileID: 2926520594555130314}
  - {fileID: -333041103338351378}
  - {fileID: 4291193248687608038}
  - {fileID: 1591912495330335307}
  - {fileID: -184973840021242154}
  - {fileID: -3237136363549390257}
  - {fileID: 5732706925187208000}
  - {fileID: 1620817863287895240}
  - {fileID: 4036171340173153882}
  - {fileID: -2631379928666764850}
--- !u!114 &1591912495330335307
MonoBehaviour:
  m_ObjectHideFlags: 3
  m_CorrespondingSourceObject: {fileID: 0}
  m_PrefabInstance: {fileID: 0}
  m_PrefabAsset: {fileID: 0}
  m_GameObject: {fileID: 0}
  m_Enabled: 1
  m_EditorHideFlags: 0
  m_Script: {fileID: 11500000, guid: 2d08ce26990eb1a4a9177b860541e702, type: 3}
  m_Name: Exposure
  m_EditorClassIdentifier: 
  active: 1
  m_AdvancedMode: 0
  mode:
    m_OverrideState: 1
    m_Value: 3
  meteringMode:
    m_OverrideState: 0
    m_Value: 2
  luminanceSource:
    m_OverrideState: 0
    m_Value: 1
  fixedExposure:
    m_OverrideState: 0
    m_Value: 0
  compensation:
    m_OverrideState: 0
    m_Value: 0
  limitMin:
    m_OverrideState: 0
    m_Value: -10
  limitMax:
    m_OverrideState: 0
    m_Value: 20
  curveMap:
    m_OverrideState: 0
    m_Value:
      serializedVersion: 2
      m_Curve:
      - serializedVersion: 3
        time: -10
        value: -10
        inSlope: 0
        outSlope: 1
        tangentMode: 0
        weightedMode: 0
        inWeight: 0
        outWeight: 0
      - serializedVersion: 3
        time: 20
        value: 20
        inSlope: 1
        outSlope: 0
        tangentMode: 0
        weightedMode: 0
        inWeight: 0
        outWeight: 0
      m_PreInfinity: 2
      m_PostInfinity: 2
      m_RotationOrder: 4
  adaptationMode:
    m_OverrideState: 0
    m_Value: 1
  adaptationSpeedDarkToLight:
    m_OverrideState: 0
    m_Value: 3
    min: 0.001
  adaptationSpeedLightToDark:
    m_OverrideState: 0
    m_Value: 1
    min: 0.001
--- !u!114 &1620817863287895240
MonoBehaviour:
  m_ObjectHideFlags: 3
  m_CorrespondingSourceObject: {fileID: 0}
  m_PrefabInstance: {fileID: 0}
  m_PrefabAsset: {fileID: 0}
  m_GameObject: {fileID: 0}
  m_Enabled: 1
  m_EditorHideFlags: 0
  m_Script: {fileID: 11500000, guid: 9c1bfcd0f0fa7b8468f281d6bbbaf320, type: 3}
  m_Name: LensDistortion
  m_EditorClassIdentifier: 
  active: 0
  m_AdvancedMode: 0
  intensity:
    m_OverrideState: 1
    m_Value: -0.5
    min: -1
    max: 1
  xMultiplier:
    m_OverrideState: 0
    m_Value: 1
    min: 0
    max: 1
  yMultiplier:
    m_OverrideState: 0
    m_Value: 1
    min: 0
    max: 1
  center:
    m_OverrideState: 0
    m_Value: {x: 0.5, y: 0.5}
  scale:
    m_OverrideState: 0
    m_Value: 1
    min: 0.01
    max: 5
--- !u!114 &2926520594555130314
MonoBehaviour:
  m_ObjectHideFlags: 3
  m_CorrespondingSourceObject: {fileID: 0}
  m_PrefabInstance: {fileID: 0}
  m_PrefabAsset: {fileID: 0}
  m_GameObject: {fileID: 0}
  m_Enabled: 1
  m_EditorHideFlags: 0
  m_Script: {fileID: 11500000, guid: f086a068d4c5889438831b3ae9afc11c, type: 3}
  m_Name: Tonemapping
  m_EditorClassIdentifier: 
  active: 1
  m_AdvancedMode: 0
  mode:
    m_OverrideState: 1
    m_Value: 2
  toeStrength:
    m_OverrideState: 0
    m_Value: 0
    min: 0
    max: 1
  toeLength:
    m_OverrideState: 0
    m_Value: 0.5
    min: 0
    max: 1
  shoulderStrength:
    m_OverrideState: 0
    m_Value: 0
    min: 0
    max: 1
  shoulderLength:
    m_OverrideState: 0
    m_Value: 0.5
    min: 0
  shoulderAngle:
    m_OverrideState: 0
    m_Value: 0
    min: 0
    max: 1
  gamma:
    m_OverrideState: 0
    m_Value: 1
    min: 0.001
--- !u!114 &4036171340173153882
MonoBehaviour:
  m_ObjectHideFlags: 3
  m_CorrespondingSourceObject: {fileID: 0}
  m_PrefabInstance: {fileID: 0}
  m_PrefabAsset: {fileID: 0}
  m_GameObject: {fileID: 0}
  m_Enabled: 1
  m_EditorHideFlags: 0
  m_Script: {fileID: 11500000, guid: 2c1be1b6c95cd2e41b27903b9270817f, type: 3}
  m_Name: Vignette
  m_EditorClassIdentifier: 
  active: 0
  m_AdvancedMode: 0
  mode:
    m_OverrideState: 1
    m_Value: 0
  color:
    m_OverrideState: 1
    m_Value: {r: 0.07729621, g: 0.07881649, b: 0.084905684, a: 1}
    hdr: 0
    showAlpha: 0
    showEyeDropper: 1
  center:
    m_OverrideState: 1
    m_Value: {x: 0.5, y: 0.5}
  intensity:
    m_OverrideState: 1
    m_Value: 0.5
    min: 0
    max: 1
  smoothness:
    m_OverrideState: 0
    m_Value: 0.2
    min: 0.01
    max: 1
  roundness:
    m_OverrideState: 1
    m_Value: 1
    min: 0
    max: 1
  rounded:
    m_OverrideState: 0
    m_Value: 1
  mask:
    m_OverrideState: 0
    m_Value: {fileID: 0}
  opacity:
    m_OverrideState: 0
    m_Value: 1
    min: 0
    max: 1
--- !u!114 &4291193248687608038
MonoBehaviour:
  m_ObjectHideFlags: 3
  m_CorrespondingSourceObject: {fileID: 0}
  m_PrefabInstance: {fileID: 0}
  m_PrefabAsset: {fileID: 0}
  m_GameObject: {fileID: 0}
  m_Enabled: 1
  m_EditorHideFlags: 0
  m_Script: {fileID: 11500000, guid: 24f077503be6ae942a1e1245dbd53ea9, type: 3}
  m_Name: Bloom
  m_EditorClassIdentifier: 
  active: 1
  m_AdvancedMode: 0
  intensity:
    m_OverrideState: 1
    m_Value: 0.196
    min: 0
    max: 1
  scatter:
    m_OverrideState: 0
    m_Value: 0.7
    min: 0
    max: 1
  tint:
    m_OverrideState: 1
    m_Value: {r: 0, g: 0.6787319, b: 1, a: 1}
    hdr: 0
    showAlpha: 0
    showEyeDropper: 1
  dirtTexture:
    m_OverrideState: 0
    m_Value: {fileID: 0}
  dirtIntensity:
    m_OverrideState: 0
    m_Value: 0
    min: 0
  highQualityFiltering:
    m_OverrideState: 0
    m_Value: 1
  resolution:
    m_OverrideState: 0
    m_Value: 2
  prefilter:
    m_OverrideState: 0
    m_Value: 0
  anamorphic:
    m_OverrideState: 0
    m_Value: 1
--- !u!114 &5732706925187208000
MonoBehaviour:
  m_ObjectHideFlags: 3
  m_CorrespondingSourceObject: {fileID: 0}
  m_PrefabInstance: {fileID: 0}
  m_PrefabAsset: {fileID: 0}
  m_GameObject: {fileID: 0}
  m_Enabled: 1
  m_EditorHideFlags: 0
  m_Script: {fileID: 11500000, guid: 3df29e7cc05fbec4aa43e06ea875565d, type: 3}
  m_Name: ProceduralSky
  m_EditorClassIdentifier: 
  active: 1
  m_AdvancedMode: 0
  rotation:
    m_OverrideState: 0
    m_Value: 0
    min: 0
    max: 360
  skyIntensityMode:
    m_OverrideState: 0
    m_Value: 0
  exposure:
    m_OverrideState: 0
    m_Value: 0
  multiplier:
    m_OverrideState: 0
    m_Value: 1
    min: 0
  upperHemisphereLuxValue:
    m_OverrideState: 0
    m_Value: 1
    min: 0
  desiredLuxValue:
    m_OverrideState: 0
    m_Value: 20000
  updateMode:
    m_OverrideState: 0
    m_Value: 0
  updatePeriod:
    m_OverrideState: 0
    m_Value: 0
    min: 0
  includeSunInBaking:
    m_OverrideState: 0
    m_Value: 0
  sunSize:
    m_OverrideState: 0
    m_Value: 0.04
    min: 0
    max: 1
  sunSizeConvergence:
    m_OverrideState: 0
    m_Value: 5
    min: 1
    max: 10
  atmosphereThickness:
    m_OverrideState: 0
    m_Value: 1
    min: 0
    max: 5
  skyTint:
    m_OverrideState: 1
    m_Value: {r: 0, g: 0, b: 0, a: 1}
    hdr: 0
    showAlpha: 1
    showEyeDropper: 1
  groundColor:
    m_OverrideState: 1
    m_Value: {r: 0.46765694, g: 0.4669811, b: 1, a: 1}
    hdr: 0
    showAlpha: 1
    showEyeDropper: 1
  enableSunDisk:
    m_OverrideState: 1
    m_Value: 0
