%YAML 1.1
%TAG !u! tag:unity3d.com,2011:
--- !u!1 &1966685234479658403
GameObject:
  m_ObjectHideFlags: 0
  m_CorrespondingSourceObject: {fileID: 0}
  m_PrefabInstance: {fileID: 0}
  m_PrefabAsset: {fileID: 0}
  serializedVersion: 6
  m_Component:
  - component: {fileID: 1968369667055281222}
  - component: {fileID: 2795687129088616370}
  - component: {fileID: 853047747370294982}
  m_Layer: 5
  m_Name: PRE_UI_Gameplay
  m_TagString: Untagged
  m_Icon: {fileID: 0}
  m_NavMeshLayer: 0
  m_StaticEditorFlags: 0
  m_IsActive: 1
--- !u!224 &1968369667055281222
RectTransform:
  m_ObjectHideFlags: 0
  m_CorrespondingSourceObject: {fileID: 0}
  m_PrefabInstance: {fileID: 0}
  m_PrefabAsset: {fileID: 0}
  m_GameObject: {fileID: 1966685234479658403}
  m_LocalRotation: {x: 0, y: 0, z: 0, w: 1}
  m_LocalPosition: {x: 0, y: 0, z: 0}
  m_LocalScale: {x: 1, y: 1, z: 1}
  m_Children:
  - {fileID: 756483588787804801}
  - {fileID: 4053491488263528441}
  - {fileID: 103155714629258425}
  - {fileID: 2344394348150717810}
  - {fileID: 7988934162922567934}
  - {fileID: 8756748129341633983}
  - {fileID: 417536739450769212}
  - {fileID: 834835802271738592}
  m_Father: {fileID: 0}
  m_RootOrder: 0
  m_LocalEulerAnglesHint: {x: 0, y: 0, z: 0}
  m_AnchorMin: {x: 0, y: 0}
  m_AnchorMax: {x: 1, y: 1}
  m_AnchoredPosition: {x: 0, y: 0}
  m_SizeDelta: {x: 0, y: 0}
  m_Pivot: {x: 0.5, y: 0.5}
--- !u!114 &2795687129088616370
MonoBehaviour:
  m_ObjectHideFlags: 0
  m_CorrespondingSourceObject: {fileID: 0}
  m_PrefabInstance: {fileID: 0}
  m_PrefabAsset: {fileID: 0}
  m_GameObject: {fileID: 1966685234479658403}
  m_Enabled: 1
  m_EditorHideFlags: 0
  m_Script: {fileID: 11500000, guid: 41ca7b727a3c8f24aa6f6aa6d6077d73, type: 3}
  m_Name: 
  m_EditorClassIdentifier: 
  _PlayerNameUI: {fileID: 7065826893228424926, guid: 9b596a1e96a67fe408b35a602916b8c8,
    type: 3}
  _PlayerOptionsUI: {fileID: 106625163988952271}
  _PlayerPowerUpUI: {fileID: 4053491488263528442}
  _PlayerNitrousBar: {fileID: 2963464828534823052}
  _RacerTimerUI: {fileID: 0}
  _PlayerPositionUI: {fileID: 8928238604097490437}
  _PlayerLapUI: {fileID: 5638190416302681957}
  _PlayerSpeedMeterUI: {fileID: 7235037150065275541}
--- !u!114 &853047747370294982
MonoBehaviour:
  m_ObjectHideFlags: 0
  m_CorrespondingSourceObject: {fileID: 0}
  m_PrefabInstance: {fileID: 0}
  m_PrefabAsset: {fileID: 0}
  m_GameObject: {fileID: 1966685234479658403}
  m_Enabled: 1
  m_EditorHideFlags: 0
  m_Script: {fileID: 11500000, guid: 92f69fed4a3f21e41baebc8a93e7a43e, type: 3}
  m_Name: 
  m_EditorClassIdentifier: 
--- !u!1001 &583817801047635663
PrefabInstance:
  m_ObjectHideFlags: 0
  serializedVersion: 2
  m_Modification:
    m_TransformParent: {fileID: 1968369667055281222}
    m_Modifications:
    - target: {fileID: 3484315214788831543, guid: eabc3b0c94e893c439ee72e916afe49a,
        type: 3}
      propertyPath: m_Name
      value: PlayerPowerUpUI
      objectReference: {fileID: 0}
    - target: {fileID: 3484315214788831542, guid: eabc3b0c94e893c439ee72e916afe49a,
        type: 3}
      propertyPath: m_LocalPosition.x
      value: 0
      objectReference: {fileID: 0}
    - target: {fileID: 3484315214788831542, guid: eabc3b0c94e893c439ee72e916afe49a,
        type: 3}
      propertyPath: m_LocalPosition.y
      value: 0
      objectReference: {fileID: 0}
    - target: {fileID: 3484315214788831542, guid: eabc3b0c94e893c439ee72e916afe49a,
        type: 3}
      propertyPath: m_LocalPosition.z
      value: 0
      objectReference: {fileID: 0}
    - target: {fileID: 3484315214788831542, guid: eabc3b0c94e893c439ee72e916afe49a,
        type: 3}
      propertyPath: m_LocalRotation.x
      value: 0
      objectReference: {fileID: 0}
    - target: {fileID: 3484315214788831542, guid: eabc3b0c94e893c439ee72e916afe49a,
        type: 3}
      propertyPath: m_LocalRotation.y
      value: 0
      objectReference: {fileID: 0}
    - target: {fileID: 3484315214788831542, guid: eabc3b0c94e893c439ee72e916afe49a,
        type: 3}
      propertyPath: m_LocalRotation.z
      value: 0
      objectReference: {fileID: 0}
    - target: {fileID: 3484315214788831542, guid: eabc3b0c94e893c439ee72e916afe49a,
        type: 3}
      propertyPath: m_LocalRotation.w
      value: 1
      objectReference: {fileID: 0}
    - target: {fileID: 3484315214788831542, guid: eabc3b0c94e893c439ee72e916afe49a,
        type: 3}
      propertyPath: m_RootOrder
      value: 1
      objectReference: {fileID: 0}
    - target: {fileID: 3484315214788831542, guid: eabc3b0c94e893c439ee72e916afe49a,
        type: 3}
      propertyPath: m_LocalEulerAnglesHint.x
      value: 0
      objectReference: {fileID: 0}
    - target: {fileID: 3484315214788831542, guid: eabc3b0c94e893c439ee72e916afe49a,
        type: 3}
      propertyPath: m_LocalEulerAnglesHint.y
      value: 0
      objectReference: {fileID: 0}
    - target: {fileID: 3484315214788831542, guid: eabc3b0c94e893c439ee72e916afe49a,
        type: 3}
      propertyPath: m_LocalEulerAnglesHint.z
      value: 0
      objectReference: {fileID: 0}
    - target: {fileID: 3484315214788831542, guid: eabc3b0c94e893c439ee72e916afe49a,
        type: 3}
      propertyPath: m_AnchoredPosition.x
      value: 0
      objectReference: {fileID: 0}
    - target: {fileID: 3484315214788831542, guid: eabc3b0c94e893c439ee72e916afe49a,
        type: 3}
      propertyPath: m_AnchoredPosition.y
      value: 0
      objectReference: {fileID: 0}
    - target: {fileID: 3484315214788831542, guid: eabc3b0c94e893c439ee72e916afe49a,
        type: 3}
      propertyPath: m_SizeDelta.x
      value: 0
      objectReference: {fileID: 0}
    - target: {fileID: 3484315214788831542, guid: eabc3b0c94e893c439ee72e916afe49a,
        type: 3}
      propertyPath: m_SizeDelta.y
      value: 0
      objectReference: {fileID: 0}
    - target: {fileID: 3484315214788831542, guid: eabc3b0c94e893c439ee72e916afe49a,
        type: 3}
      propertyPath: m_AnchorMin.x
      value: 0
      objectReference: {fileID: 0}
    - target: {fileID: 3484315214788831542, guid: eabc3b0c94e893c439ee72e916afe49a,
        type: 3}
      propertyPath: m_AnchorMin.y
      value: 0
      objectReference: {fileID: 0}
    - target: {fileID: 3484315214788831542, guid: eabc3b0c94e893c439ee72e916afe49a,
        type: 3}
      propertyPath: m_AnchorMax.x
      value: 1
      objectReference: {fileID: 0}
    - target: {fileID: 3484315214788831542, guid: eabc3b0c94e893c439ee72e916afe49a,
        type: 3}
      propertyPath: m_AnchorMax.y
      value: 1
      objectReference: {fileID: 0}
    - target: {fileID: 3484315214788831542, guid: eabc3b0c94e893c439ee72e916afe49a,
        type: 3}
      propertyPath: m_Pivot.x
      value: 0.5
      objectReference: {fileID: 0}
    - target: {fileID: 3484315214788831542, guid: eabc3b0c94e893c439ee72e916afe49a,
        type: 3}
      propertyPath: m_Pivot.y
      value: 0.5
      objectReference: {fileID: 0}
    m_RemovedComponents: []
  m_SourcePrefab: {fileID: 100100000, guid: eabc3b0c94e893c439ee72e916afe49a, type: 3}
--- !u!224 &4053491488263528441 stripped
RectTransform:
  m_CorrespondingSourceObject: {fileID: 3484315214788831542, guid: eabc3b0c94e893c439ee72e916afe49a,
    type: 3}
  m_PrefabInstance: {fileID: 583817801047635663}
  m_PrefabAsset: {fileID: 0}
--- !u!114 &4053491488263528442 stripped
MonoBehaviour:
  m_CorrespondingSourceObject: {fileID: 3484315214788831541, guid: eabc3b0c94e893c439ee72e916afe49a,
    type: 3}
  m_PrefabInstance: {fileID: 583817801047635663}
  m_PrefabAsset: {fileID: 0}
  m_GameObject: {fileID: 0}
  m_Enabled: 1
  m_EditorHideFlags: 0
  m_Script: {fileID: 11500000, guid: acb2bb3c63ceb4c40ac21e4b1672754b, type: 3}
  m_Name: 
  m_EditorClassIdentifier: 
--- !u!1001 &4303232705459082320
PrefabInstance:
  m_ObjectHideFlags: 0
  serializedVersion: 2
  m_Modification:
    m_TransformParent: {fileID: 1968369667055281222}
    m_Modifications:
    - target: {fileID: 354171940327144849, guid: 07ef8b7c391fe0440a103be623292101,
        type: 3}
      propertyPath: m_Name
      value: NitrousBar
      objectReference: {fileID: 0}
    - target: {fileID: 3587036325580590801, guid: 07ef8b7c391fe0440a103be623292101,
        type: 3}
      propertyPath: m_LocalPosition.x
      value: 0
      objectReference: {fileID: 0}
    - target: {fileID: 3587036325580590801, guid: 07ef8b7c391fe0440a103be623292101,
        type: 3}
      propertyPath: m_LocalPosition.y
      value: 0
      objectReference: {fileID: 0}
    - target: {fileID: 3587036325580590801, guid: 07ef8b7c391fe0440a103be623292101,
        type: 3}
      propertyPath: m_LocalPosition.z
      value: 0
      objectReference: {fileID: 0}
    - target: {fileID: 3587036325580590801, guid: 07ef8b7c391fe0440a103be623292101,
        type: 3}
      propertyPath: m_LocalRotation.x
      value: 0
      objectReference: {fileID: 0}
    - target: {fileID: 3587036325580590801, guid: 07ef8b7c391fe0440a103be623292101,
        type: 3}
      propertyPath: m_LocalRotation.y
      value: 0
      objectReference: {fileID: 0}
    - target: {fileID: 3587036325580590801, guid: 07ef8b7c391fe0440a103be623292101,
        type: 3}
      propertyPath: m_LocalRotation.z
      value: 0
      objectReference: {fileID: 0}
    - target: {fileID: 3587036325580590801, guid: 07ef8b7c391fe0440a103be623292101,
        type: 3}
      propertyPath: m_LocalRotation.w
      value: 1
      objectReference: {fileID: 0}
    - target: {fileID: 3587036325580590801, guid: 07ef8b7c391fe0440a103be623292101,
        type: 3}
      propertyPath: m_RootOrder
      value: 0
      objectReference: {fileID: 0}
    - target: {fileID: 3587036325580590801, guid: 07ef8b7c391fe0440a103be623292101,
        type: 3}
      propertyPath: m_LocalEulerAnglesHint.x
      value: 0
      objectReference: {fileID: 0}
    - target: {fileID: 3587036325580590801, guid: 07ef8b7c391fe0440a103be623292101,
        type: 3}
      propertyPath: m_LocalEulerAnglesHint.y
      value: 0
      objectReference: {fileID: 0}
    - target: {fileID: 3587036325580590801, guid: 07ef8b7c391fe0440a103be623292101,
        type: 3}
      propertyPath: m_LocalEulerAnglesHint.z
      value: 0
      objectReference: {fileID: 0}
    - target: {fileID: 3587036325580590801, guid: 07ef8b7c391fe0440a103be623292101,
        type: 3}
      propertyPath: m_AnchoredPosition.x
      value: 0
      objectReference: {fileID: 0}
    - target: {fileID: 3587036325580590801, guid: 07ef8b7c391fe0440a103be623292101,
        type: 3}
      propertyPath: m_AnchoredPosition.y
      value: 0
      objectReference: {fileID: 0}
    - target: {fileID: 3587036325580590801, guid: 07ef8b7c391fe0440a103be623292101,
        type: 3}
      propertyPath: m_SizeDelta.x
      value: 0
      objectReference: {fileID: 0}
    - target: {fileID: 3587036325580590801, guid: 07ef8b7c391fe0440a103be623292101,
        type: 3}
      propertyPath: m_SizeDelta.y
      value: 0
      objectReference: {fileID: 0}
    - target: {fileID: 3587036325580590801, guid: 07ef8b7c391fe0440a103be623292101,
        type: 3}
      propertyPath: m_AnchorMin.x
      value: 0
      objectReference: {fileID: 0}
    - target: {fileID: 3587036325580590801, guid: 07ef8b7c391fe0440a103be623292101,
        type: 3}
      propertyPath: m_AnchorMin.y
      value: 0
      objectReference: {fileID: 0}
    - target: {fileID: 3587036325580590801, guid: 07ef8b7c391fe0440a103be623292101,
        type: 3}
      propertyPath: m_AnchorMax.x
      value: 1
      objectReference: {fileID: 0}
    - target: {fileID: 3587036325580590801, guid: 07ef8b7c391fe0440a103be623292101,
        type: 3}
      propertyPath: m_AnchorMax.y
      value: 1
      objectReference: {fileID: 0}
    - target: {fileID: 3587036325580590801, guid: 07ef8b7c391fe0440a103be623292101,
        type: 3}
      propertyPath: m_Pivot.x
      value: 0.5
      objectReference: {fileID: 0}
    - target: {fileID: 3587036325580590801, guid: 07ef8b7c391fe0440a103be623292101,
        type: 3}
      propertyPath: m_Pivot.y
      value: 0.5
      objectReference: {fileID: 0}
    m_RemovedComponents: []
  m_SourcePrefab: {fileID: 100100000, guid: 07ef8b7c391fe0440a103be623292101, type: 3}
--- !u!224 &756483588787804801 stripped
RectTransform:
  m_CorrespondingSourceObject: {fileID: 3587036325580590801, guid: 07ef8b7c391fe0440a103be623292101,
    type: 3}
  m_PrefabInstance: {fileID: 4303232705459082320}
  m_PrefabAsset: {fileID: 0}
--- !u!114 &2963464828534823052 stripped
MonoBehaviour:
  m_CorrespondingSourceObject: {fileID: 1339944961681247452, guid: 07ef8b7c391fe0440a103be623292101,
    type: 3}
  m_PrefabInstance: {fileID: 4303232705459082320}
  m_PrefabAsset: {fileID: 0}
  m_GameObject: {fileID: 0}
  m_Enabled: 1
  m_EditorHideFlags: 0
  m_Script: {fileID: 11500000, guid: 5c5565d4351b13a4d855815e4bb0d03f, type: 3}
  m_Name: 
  m_EditorClassIdentifier: 
--- !u!1001 &5539938671374381795
PrefabInstance:
  m_ObjectHideFlags: 0
  serializedVersion: 2
  m_Modification:
    m_TransformParent: {fileID: 1968369667055281222}
    m_Modifications:
    - target: {fileID: 6000434301105556768, guid: b2fb661c5f3f69e45b4bdcfca52d07ab,
        type: 3}
      propertyPath: m_Name
      value: PlayerSpeedMeterUI
      objectReference: {fileID: 0}
    - target: {fileID: 2467890776307354141, guid: b2fb661c5f3f69e45b4bdcfca52d07ab,
        type: 3}
      propertyPath: m_LocalPosition.x
      value: 0
      objectReference: {fileID: 0}
    - target: {fileID: 2467890776307354141, guid: b2fb661c5f3f69e45b4bdcfca52d07ab,
        type: 3}
      propertyPath: m_LocalPosition.y
      value: 0
      objectReference: {fileID: 0}
    - target: {fileID: 2467890776307354141, guid: b2fb661c5f3f69e45b4bdcfca52d07ab,
        type: 3}
      propertyPath: m_LocalPosition.z
      value: 0
      objectReference: {fileID: 0}
    - target: {fileID: 2467890776307354141, guid: b2fb661c5f3f69e45b4bdcfca52d07ab,
        type: 3}
      propertyPath: m_LocalRotation.x
      value: 0
      objectReference: {fileID: 0}
    - target: {fileID: 2467890776307354141, guid: b2fb661c5f3f69e45b4bdcfca52d07ab,
        type: 3}
      propertyPath: m_LocalRotation.y
      value: 0
      objectReference: {fileID: 0}
    - target: {fileID: 2467890776307354141, guid: b2fb661c5f3f69e45b4bdcfca52d07ab,
        type: 3}
      propertyPath: m_LocalRotation.z
      value: 0
      objectReference: {fileID: 0}
    - target: {fileID: 2467890776307354141, guid: b2fb661c5f3f69e45b4bdcfca52d07ab,
        type: 3}
      propertyPath: m_LocalRotation.w
      value: 1
      objectReference: {fileID: 0}
    - target: {fileID: 2467890776307354141, guid: b2fb661c5f3f69e45b4bdcfca52d07ab,
        type: 3}
      propertyPath: m_RootOrder
      value: 4
      objectReference: {fileID: 0}
    - target: {fileID: 2467890776307354141, guid: b2fb661c5f3f69e45b4bdcfca52d07ab,
        type: 3}
      propertyPath: m_LocalEulerAnglesHint.x
      value: 0
      objectReference: {fileID: 0}
    - target: {fileID: 2467890776307354141, guid: b2fb661c5f3f69e45b4bdcfca52d07ab,
        type: 3}
      propertyPath: m_LocalEulerAnglesHint.y
      value: 0
      objectReference: {fileID: 0}
    - target: {fileID: 2467890776307354141, guid: b2fb661c5f3f69e45b4bdcfca52d07ab,
        type: 3}
      propertyPath: m_LocalEulerAnglesHint.z
      value: 0
      objectReference: {fileID: 0}
    - target: {fileID: 2467890776307354141, guid: b2fb661c5f3f69e45b4bdcfca52d07ab,
        type: 3}
      propertyPath: m_AnchoredPosition.x
      value: 0
      objectReference: {fileID: 0}
    - target: {fileID: 2467890776307354141, guid: b2fb661c5f3f69e45b4bdcfca52d07ab,
        type: 3}
      propertyPath: m_AnchoredPosition.y
      value: 0
      objectReference: {fileID: 0}
    - target: {fileID: 2467890776307354141, guid: b2fb661c5f3f69e45b4bdcfca52d07ab,
        type: 3}
      propertyPath: m_SizeDelta.x
      value: 0
      objectReference: {fileID: 0}
    - target: {fileID: 2467890776307354141, guid: b2fb661c5f3f69e45b4bdcfca52d07ab,
        type: 3}
      propertyPath: m_SizeDelta.y
      value: 0
      objectReference: {fileID: 0}
    - target: {fileID: 2467890776307354141, guid: b2fb661c5f3f69e45b4bdcfca52d07ab,
        type: 3}
      propertyPath: m_AnchorMin.x
      value: 0
      objectReference: {fileID: 0}
    - target: {fileID: 2467890776307354141, guid: b2fb661c5f3f69e45b4bdcfca52d07ab,
        type: 3}
      propertyPath: m_AnchorMin.y
      value: 0
      objectReference: {fileID: 0}
    - target: {fileID: 2467890776307354141, guid: b2fb661c5f3f69e45b4bdcfca52d07ab,
        type: 3}
      propertyPath: m_AnchorMax.x
      value: 1
      objectReference: {fileID: 0}
    - target: {fileID: 2467890776307354141, guid: b2fb661c5f3f69e45b4bdcfca52d07ab,
        type: 3}
      propertyPath: m_AnchorMax.y
      value: 1
      objectReference: {fileID: 0}
    - target: {fileID: 2467890776307354141, guid: b2fb661c5f3f69e45b4bdcfca52d07ab,
        type: 3}
      propertyPath: m_Pivot.x
      value: 0.5
      objectReference: {fileID: 0}
    - target: {fileID: 2467890776307354141, guid: b2fb661c5f3f69e45b4bdcfca52d07ab,
        type: 3}
      propertyPath: m_Pivot.y
      value: 0.5
      objectReference: {fileID: 0}
    m_RemovedComponents: []
  m_SourcePrefab: {fileID: 100100000, guid: b2fb661c5f3f69e45b4bdcfca52d07ab, type: 3}
--- !u!224 &7988934162922567934 stripped
RectTransform:
  m_CorrespondingSourceObject: {fileID: 2467890776307354141, guid: b2fb661c5f3f69e45b4bdcfca52d07ab,
    type: 3}
  m_PrefabInstance: {fileID: 5539938671374381795}
  m_PrefabAsset: {fileID: 0}
--- !u!114 &7235037150065275541 stripped
MonoBehaviour:
  m_CorrespondingSourceObject: {fileID: 2921098011387691126, guid: b2fb661c5f3f69e45b4bdcfca52d07ab,
    type: 3}
  m_PrefabInstance: {fileID: 5539938671374381795}
  m_PrefabAsset: {fileID: 0}
  m_GameObject: {fileID: 0}
  m_Enabled: 1
  m_EditorHideFlags: 0
  m_Script: {fileID: 11500000, guid: 5ff21d4951aab104891eb5b727912bee, type: 3}
  m_Name: 
  m_EditorClassIdentifier: 
--- !u!1001 &6163678772677413531
PrefabInstance:
  m_ObjectHideFlags: 0
  serializedVersion: 2
  m_Modification:
    m_TransformParent: {fileID: 1968369667055281222}
    m_Modifications:
    - target: {fileID: 6366631853427249320, guid: c8f787d353c22a84e924249c5b2d8189,
        type: 3}
      propertyPath: m_Name
      value: PRE_PressStartText
      objectReference: {fileID: 0}
    - target: {fileID: 6366631853427249320, guid: c8f787d353c22a84e924249c5b2d8189,
        type: 3}
      propertyPath: m_IsActive
      value: 0
      objectReference: {fileID: 0}
    - target: {fileID: 6781338650608328827, guid: c8f787d353c22a84e924249c5b2d8189,
        type: 3}
      propertyPath: m_LocalPosition.x
      value: 0
      objectReference: {fileID: 0}
    - target: {fileID: 6781338650608328827, guid: c8f787d353c22a84e924249c5b2d8189,
        type: 3}
      propertyPath: m_LocalPosition.y
      value: 0
      objectReference: {fileID: 0}
    - target: {fileID: 6781338650608328827, guid: c8f787d353c22a84e924249c5b2d8189,
        type: 3}
      propertyPath: m_LocalPosition.z
      value: 0
      objectReference: {fileID: 0}
    - target: {fileID: 6781338650608328827, guid: c8f787d353c22a84e924249c5b2d8189,
        type: 3}
      propertyPath: m_LocalRotation.x
      value: 0
      objectReference: {fileID: 0}
    - target: {fileID: 6781338650608328827, guid: c8f787d353c22a84e924249c5b2d8189,
        type: 3}
      propertyPath: m_LocalRotation.y
      value: 0
      objectReference: {fileID: 0}
    - target: {fileID: 6781338650608328827, guid: c8f787d353c22a84e924249c5b2d8189,
        type: 3}
      propertyPath: m_LocalRotation.z
      value: 0
      objectReference: {fileID: 0}
    - target: {fileID: 6781338650608328827, guid: c8f787d353c22a84e924249c5b2d8189,
        type: 3}
      propertyPath: m_LocalRotation.w
      value: 1
      objectReference: {fileID: 0}
    - target: {fileID: 6781338650608328827, guid: c8f787d353c22a84e924249c5b2d8189,
        type: 3}
      propertyPath: m_RootOrder
      value: 7
      objectReference: {fileID: 0}
    - target: {fileID: 6781338650608328827, guid: c8f787d353c22a84e924249c5b2d8189,
        type: 3}
      propertyPath: m_LocalEulerAnglesHint.x
      value: 0
      objectReference: {fileID: 0}
    - target: {fileID: 6781338650608328827, guid: c8f787d353c22a84e924249c5b2d8189,
        type: 3}
      propertyPath: m_LocalEulerAnglesHint.y
      value: 0
      objectReference: {fileID: 0}
    - target: {fileID: 6781338650608328827, guid: c8f787d353c22a84e924249c5b2d8189,
        type: 3}
      propertyPath: m_LocalEulerAnglesHint.z
      value: 0
      objectReference: {fileID: 0}
    - target: {fileID: 6781338650608328827, guid: c8f787d353c22a84e924249c5b2d8189,
        type: 3}
      propertyPath: m_AnchoredPosition.x
      value: 0
      objectReference: {fileID: 0}
    - target: {fileID: 6781338650608328827, guid: c8f787d353c22a84e924249c5b2d8189,
        type: 3}
      propertyPath: m_AnchoredPosition.y
      value: 0
      objectReference: {fileID: 0}
    - target: {fileID: 6781338650608328827, guid: c8f787d353c22a84e924249c5b2d8189,
        type: 3}
      propertyPath: m_SizeDelta.x
      value: 0
      objectReference: {fileID: 0}
    - target: {fileID: 6781338650608328827, guid: c8f787d353c22a84e924249c5b2d8189,
        type: 3}
      propertyPath: m_SizeDelta.y
      value: 0
      objectReference: {fileID: 0}
    - target: {fileID: 6781338650608328827, guid: c8f787d353c22a84e924249c5b2d8189,
        type: 3}
      propertyPath: m_AnchorMin.x
      value: 0
      objectReference: {fileID: 0}
    - target: {fileID: 6781338650608328827, guid: c8f787d353c22a84e924249c5b2d8189,
        type: 3}
      propertyPath: m_AnchorMin.y
      value: 0
      objectReference: {fileID: 0}
    - target: {fileID: 6781338650608328827, guid: c8f787d353c22a84e924249c5b2d8189,
        type: 3}
      propertyPath: m_AnchorMax.x
      value: 1
      objectReference: {fileID: 0}
    - target: {fileID: 6781338650608328827, guid: c8f787d353c22a84e924249c5b2d8189,
        type: 3}
      propertyPath: m_AnchorMax.y
      value: 1
      objectReference: {fileID: 0}
    - target: {fileID: 6781338650608328827, guid: c8f787d353c22a84e924249c5b2d8189,
        type: 3}
      propertyPath: m_Pivot.x
      value: 0.5
      objectReference: {fileID: 0}
    - target: {fileID: 6781338650608328827, guid: c8f787d353c22a84e924249c5b2d8189,
        type: 3}
      propertyPath: m_Pivot.y
      value: 0.5
      objectReference: {fileID: 0}
    - target: {fileID: 9154718720847285219, guid: c8f787d353c22a84e924249c5b2d8189,
        type: 3}
      propertyPath: m_fontSizeBase
      value: 20
      objectReference: {fileID: 0}
    - target: {fileID: 9154718720847285219, guid: c8f787d353c22a84e924249c5b2d8189,
        type: 3}
      propertyPath: m_sharedMaterial
      value: 
      objectReference: {fileID: 0}
    m_RemovedComponents: []
  m_SourcePrefab: {fileID: 100100000, guid: c8f787d353c22a84e924249c5b2d8189, type: 3}
--- !u!224 &834835802271738592 stripped
RectTransform:
  m_CorrespondingSourceObject: {fileID: 6781338650608328827, guid: c8f787d353c22a84e924249c5b2d8189,
    type: 3}
  m_PrefabInstance: {fileID: 6163678772677413531}
  m_PrefabAsset: {fileID: 0}
--- !u!1001 &7320423304168967554
PrefabInstance:
  m_ObjectHideFlags: 0
  serializedVersion: 2
  m_Modification:
    m_TransformParent: {fileID: 1968369667055281222}
    m_Modifications:
    - target: {fileID: 5285218333725678680, guid: f8c789415a2ff8f4ba248859d5bc013b,
        type: 3}
      propertyPath: m_Name
      value: PlayerLapUI
      objectReference: {fileID: 0}
    - target: {fileID: 4980884468237562096, guid: f8c789415a2ff8f4ba248859d5bc013b,
        type: 3}
      propertyPath: m_LocalPosition.x
      value: 0
      objectReference: {fileID: 0}
    - target: {fileID: 4980884468237562096, guid: f8c789415a2ff8f4ba248859d5bc013b,
        type: 3}
      propertyPath: m_LocalPosition.y
      value: 0
      objectReference: {fileID: 0}
    - target: {fileID: 4980884468237562096, guid: f8c789415a2ff8f4ba248859d5bc013b,
        type: 3}
      propertyPath: m_LocalPosition.z
      value: 0
      objectReference: {fileID: 0}
    - target: {fileID: 4980884468237562096, guid: f8c789415a2ff8f4ba248859d5bc013b,
        type: 3}
      propertyPath: m_LocalRotation.x
      value: 0
      objectReference: {fileID: 0}
    - target: {fileID: 4980884468237562096, guid: f8c789415a2ff8f4ba248859d5bc013b,
        type: 3}
      propertyPath: m_LocalRotation.y
      value: 0
      objectReference: {fileID: 0}
    - target: {fileID: 4980884468237562096, guid: f8c789415a2ff8f4ba248859d5bc013b,
        type: 3}
      propertyPath: m_LocalRotation.z
      value: 0
      objectReference: {fileID: 0}
    - target: {fileID: 4980884468237562096, guid: f8c789415a2ff8f4ba248859d5bc013b,
        type: 3}
      propertyPath: m_LocalRotation.w
      value: 1
      objectReference: {fileID: 0}
    - target: {fileID: 4980884468237562096, guid: f8c789415a2ff8f4ba248859d5bc013b,
        type: 3}
      propertyPath: m_RootOrder
      value: 3
      objectReference: {fileID: 0}
    - target: {fileID: 4980884468237562096, guid: f8c789415a2ff8f4ba248859d5bc013b,
        type: 3}
      propertyPath: m_LocalEulerAnglesHint.x
      value: 0
      objectReference: {fileID: 0}
    - target: {fileID: 4980884468237562096, guid: f8c789415a2ff8f4ba248859d5bc013b,
        type: 3}
      propertyPath: m_LocalEulerAnglesHint.y
      value: 0
      objectReference: {fileID: 0}
    - target: {fileID: 4980884468237562096, guid: f8c789415a2ff8f4ba248859d5bc013b,
        type: 3}
      propertyPath: m_LocalEulerAnglesHint.z
      value: 0
      objectReference: {fileID: 0}
    - target: {fileID: 4980884468237562096, guid: f8c789415a2ff8f4ba248859d5bc013b,
        type: 3}
      propertyPath: m_AnchoredPosition.x
      value: 0
      objectReference: {fileID: 0}
    - target: {fileID: 4980884468237562096, guid: f8c789415a2ff8f4ba248859d5bc013b,
        type: 3}
      propertyPath: m_AnchoredPosition.y
      value: 0
      objectReference: {fileID: 0}
    - target: {fileID: 4980884468237562096, guid: f8c789415a2ff8f4ba248859d5bc013b,
        type: 3}
      propertyPath: m_SizeDelta.x
      value: 0
      objectReference: {fileID: 0}
    - target: {fileID: 4980884468237562096, guid: f8c789415a2ff8f4ba248859d5bc013b,
        type: 3}
      propertyPath: m_SizeDelta.y
      value: 0
      objectReference: {fileID: 0}
    - target: {fileID: 4980884468237562096, guid: f8c789415a2ff8f4ba248859d5bc013b,
        type: 3}
      propertyPath: m_AnchorMin.x
      value: 0
      objectReference: {fileID: 0}
    - target: {fileID: 4980884468237562096, guid: f8c789415a2ff8f4ba248859d5bc013b,
        type: 3}
      propertyPath: m_AnchorMin.y
      value: 0
      objectReference: {fileID: 0}
    - target: {fileID: 4980884468237562096, guid: f8c789415a2ff8f4ba248859d5bc013b,
        type: 3}
      propertyPath: m_AnchorMax.x
      value: 1
      objectReference: {fileID: 0}
    - target: {fileID: 4980884468237562096, guid: f8c789415a2ff8f4ba248859d5bc013b,
        type: 3}
      propertyPath: m_AnchorMax.y
      value: 1
      objectReference: {fileID: 0}
    - target: {fileID: 4980884468237562096, guid: f8c789415a2ff8f4ba248859d5bc013b,
        type: 3}
      propertyPath: m_Pivot.x
      value: 0.5
      objectReference: {fileID: 0}
    - target: {fileID: 4980884468237562096, guid: f8c789415a2ff8f4ba248859d5bc013b,
        type: 3}
      propertyPath: m_Pivot.y
      value: 0.5
      objectReference: {fileID: 0}
    m_RemovedComponents: []
  m_SourcePrefab: {fileID: 100100000, guid: f8c789415a2ff8f4ba248859d5bc013b, type: 3}
--- !u!224 &2344394348150717810 stripped
RectTransform:
  m_CorrespondingSourceObject: {fileID: 4980884468237562096, guid: f8c789415a2ff8f4ba248859d5bc013b,
    type: 3}
  m_PrefabInstance: {fileID: 7320423304168967554}
  m_PrefabAsset: {fileID: 0}
--- !u!114 &5638190416302681957 stripped
MonoBehaviour:
  m_CorrespondingSourceObject: {fileID: 3146255246188094183, guid: f8c789415a2ff8f4ba248859d5bc013b,
    type: 3}
  m_PrefabInstance: {fileID: 7320423304168967554}
  m_PrefabAsset: {fileID: 0}
  m_GameObject: {fileID: 0}
  m_Enabled: 1
  m_EditorHideFlags: 0
  m_Script: {fileID: 11500000, guid: 5148d68cf3a6d8f4da4e413f613b99b4, type: 3}
  m_Name: 
  m_EditorClassIdentifier: 
--- !u!1001 &7591701094250874601
PrefabInstance:
  m_ObjectHideFlags: 0
  serializedVersion: 2
  m_Modification:
    m_TransformParent: {fileID: 1968369667055281222}
    m_Modifications:
    - target: {fileID: 7493811111554965553, guid: f818e604e19e06d4f8c8a1c804c6b8fe,
        type: 3}
      propertyPath: m_Name
      value: PlayerPositionUI
      objectReference: {fileID: 0}
    - target: {fileID: 7509005257750596176, guid: f818e604e19e06d4f8c8a1c804c6b8fe,
        type: 3}
      propertyPath: m_LocalPosition.x
      value: 0
      objectReference: {fileID: 0}
    - target: {fileID: 7509005257750596176, guid: f818e604e19e06d4f8c8a1c804c6b8fe,
        type: 3}
      propertyPath: m_LocalPosition.y
      value: 0
      objectReference: {fileID: 0}
    - target: {fileID: 7509005257750596176, guid: f818e604e19e06d4f8c8a1c804c6b8fe,
        type: 3}
      propertyPath: m_LocalPosition.z
      value: 0
      objectReference: {fileID: 0}
    - target: {fileID: 7509005257750596176, guid: f818e604e19e06d4f8c8a1c804c6b8fe,
        type: 3}
      propertyPath: m_LocalRotation.x
      value: 0
      objectReference: {fileID: 0}
    - target: {fileID: 7509005257750596176, guid: f818e604e19e06d4f8c8a1c804c6b8fe,
        type: 3}
      propertyPath: m_LocalRotation.y
      value: 0
      objectReference: {fileID: 0}
    - target: {fileID: 7509005257750596176, guid: f818e604e19e06d4f8c8a1c804c6b8fe,
        type: 3}
      propertyPath: m_LocalRotation.z
      value: 0
      objectReference: {fileID: 0}
    - target: {fileID: 7509005257750596176, guid: f818e604e19e06d4f8c8a1c804c6b8fe,
        type: 3}
      propertyPath: m_LocalRotation.w
      value: 1
      objectReference: {fileID: 0}
    - target: {fileID: 7509005257750596176, guid: f818e604e19e06d4f8c8a1c804c6b8fe,
        type: 3}
      propertyPath: m_RootOrder
      value: 2
      objectReference: {fileID: 0}
    - target: {fileID: 7509005257750596176, guid: f818e604e19e06d4f8c8a1c804c6b8fe,
        type: 3}
      propertyPath: m_LocalEulerAnglesHint.x
      value: 0
      objectReference: {fileID: 0}
    - target: {fileID: 7509005257750596176, guid: f818e604e19e06d4f8c8a1c804c6b8fe,
        type: 3}
      propertyPath: m_LocalEulerAnglesHint.y
      value: 0
      objectReference: {fileID: 0}
    - target: {fileID: 7509005257750596176, guid: f818e604e19e06d4f8c8a1c804c6b8fe,
        type: 3}
      propertyPath: m_LocalEulerAnglesHint.z
      value: 0
      objectReference: {fileID: 0}
    - target: {fileID: 7509005257750596176, guid: f818e604e19e06d4f8c8a1c804c6b8fe,
        type: 3}
      propertyPath: m_AnchoredPosition.x
      value: 0
      objectReference: {fileID: 0}
    - target: {fileID: 7509005257750596176, guid: f818e604e19e06d4f8c8a1c804c6b8fe,
        type: 3}
      propertyPath: m_AnchoredPosition.y
      value: 0
      objectReference: {fileID: 0}
    - target: {fileID: 7509005257750596176, guid: f818e604e19e06d4f8c8a1c804c6b8fe,
        type: 3}
      propertyPath: m_SizeDelta.x
      value: 0
      objectReference: {fileID: 0}
    - target: {fileID: 7509005257750596176, guid: f818e604e19e06d4f8c8a1c804c6b8fe,
        type: 3}
      propertyPath: m_SizeDelta.y
      value: 0
      objectReference: {fileID: 0}
    - target: {fileID: 7509005257750596176, guid: f818e604e19e06d4f8c8a1c804c6b8fe,
        type: 3}
      propertyPath: m_AnchorMin.x
      value: 0
      objectReference: {fileID: 0}
    - target: {fileID: 7509005257750596176, guid: f818e604e19e06d4f8c8a1c804c6b8fe,
        type: 3}
      propertyPath: m_AnchorMin.y
      value: 0
      objectReference: {fileID: 0}
    - target: {fileID: 7509005257750596176, guid: f818e604e19e06d4f8c8a1c804c6b8fe,
        type: 3}
      propertyPath: m_AnchorMax.x
      value: 1
      objectReference: {fileID: 0}
    - target: {fileID: 7509005257750596176, guid: f818e604e19e06d4f8c8a1c804c6b8fe,
        type: 3}
      propertyPath: m_AnchorMax.y
      value: 1
      objectReference: {fileID: 0}
    - target: {fileID: 7509005257750596176, guid: f818e604e19e06d4f8c8a1c804c6b8fe,
        type: 3}
      propertyPath: m_Pivot.x
      value: 0.5
      objectReference: {fileID: 0}
    - target: {fileID: 7509005257750596176, guid: f818e604e19e06d4f8c8a1c804c6b8fe,
        type: 3}
      propertyPath: m_Pivot.y
      value: 0.5
      objectReference: {fileID: 0}
    - target: {fileID: 3728787300565108071, guid: f818e604e19e06d4f8c8a1c804c6b8fe,
        type: 3}
      propertyPath: m_AnchoredPosition.x
      value: -18.400024
      objectReference: {fileID: 0}
    m_RemovedComponents: []
  m_SourcePrefab: {fileID: 100100000, guid: f818e604e19e06d4f8c8a1c804c6b8fe, type: 3}
--- !u!224 &103155714629258425 stripped
RectTransform:
  m_CorrespondingSourceObject: {fileID: 7509005257750596176, guid: f818e604e19e06d4f8c8a1c804c6b8fe,
    type: 3}
  m_PrefabInstance: {fileID: 7591701094250874601}
  m_PrefabAsset: {fileID: 0}
--- !u!114 &8928238604097490437 stripped
MonoBehaviour:
  m_CorrespondingSourceObject: {fileID: 1350053325813156076, guid: f818e604e19e06d4f8c8a1c804c6b8fe,
    type: 3}
  m_PrefabInstance: {fileID: 7591701094250874601}
  m_PrefabAsset: {fileID: 0}
  m_GameObject: {fileID: 0}
  m_Enabled: 1
  m_EditorHideFlags: 0
  m_Script: {fileID: 11500000, guid: 83729faed9f73f146994fe099cfe1af6, type: 3}
  m_Name: 
  m_EditorClassIdentifier: 
--- !u!1001 &8042084781916215980
PrefabInstance:
  m_ObjectHideFlags: 0
  serializedVersion: 2
  m_Modification:
    m_TransformParent: {fileID: 1968369667055281222}
    m_Modifications:
    - target: {fileID: 665107522206106713, guid: 9288f74bec3516a488a5a6d4e9bf6cdb,
        type: 3}
      propertyPath: m_Name
      value: LoadingScreen
      objectReference: {fileID: 0}
    - target: {fileID: 7660722969573037456, guid: 9288f74bec3516a488a5a6d4e9bf6cdb,
        type: 3}
      propertyPath: m_LocalPosition.x
      value: 0
      objectReference: {fileID: 0}
    - target: {fileID: 7660722969573037456, guid: 9288f74bec3516a488a5a6d4e9bf6cdb,
        type: 3}
      propertyPath: m_LocalPosition.y
      value: 0
      objectReference: {fileID: 0}
    - target: {fileID: 7660722969573037456, guid: 9288f74bec3516a488a5a6d4e9bf6cdb,
        type: 3}
      propertyPath: m_LocalPosition.z
      value: 0
      objectReference: {fileID: 0}
    - target: {fileID: 7660722969573037456, guid: 9288f74bec3516a488a5a6d4e9bf6cdb,
        type: 3}
      propertyPath: m_LocalRotation.x
      value: 0
      objectReference: {fileID: 0}
    - target: {fileID: 7660722969573037456, guid: 9288f74bec3516a488a5a6d4e9bf6cdb,
        type: 3}
      propertyPath: m_LocalRotation.y
      value: 0
      objectReference: {fileID: 0}
    - target: {fileID: 7660722969573037456, guid: 9288f74bec3516a488a5a6d4e9bf6cdb,
        type: 3}
      propertyPath: m_LocalRotation.z
      value: 0
      objectReference: {fileID: 0}
    - target: {fileID: 7660722969573037456, guid: 9288f74bec3516a488a5a6d4e9bf6cdb,
        type: 3}
      propertyPath: m_LocalRotation.w
      value: 1
      objectReference: {fileID: 0}
    - target: {fileID: 7660722969573037456, guid: 9288f74bec3516a488a5a6d4e9bf6cdb,
        type: 3}
      propertyPath: m_RootOrder
      value: 6
      objectReference: {fileID: 0}
    - target: {fileID: 7660722969573037456, guid: 9288f74bec3516a488a5a6d4e9bf6cdb,
        type: 3}
      propertyPath: m_LocalEulerAnglesHint.x
      value: 0
      objectReference: {fileID: 0}
    - target: {fileID: 7660722969573037456, guid: 9288f74bec3516a488a5a6d4e9bf6cdb,
        type: 3}
      propertyPath: m_LocalEulerAnglesHint.y
      value: 0
      objectReference: {fileID: 0}
    - target: {fileID: 7660722969573037456, guid: 9288f74bec3516a488a5a6d4e9bf6cdb,
        type: 3}
      propertyPath: m_LocalEulerAnglesHint.z
      value: 0
      objectReference: {fileID: 0}
    - target: {fileID: 7660722969573037456, guid: 9288f74bec3516a488a5a6d4e9bf6cdb,
        type: 3}
      propertyPath: m_AnchoredPosition.x
      value: 0
      objectReference: {fileID: 0}
    - target: {fileID: 7660722969573037456, guid: 9288f74bec3516a488a5a6d4e9bf6cdb,
        type: 3}
      propertyPath: m_AnchoredPosition.y
      value: 0
      objectReference: {fileID: 0}
    - target: {fileID: 7660722969573037456, guid: 9288f74bec3516a488a5a6d4e9bf6cdb,
        type: 3}
      propertyPath: m_SizeDelta.x
      value: 0
      objectReference: {fileID: 0}
    - target: {fileID: 7660722969573037456, guid: 9288f74bec3516a488a5a6d4e9bf6cdb,
        type: 3}
      propertyPath: m_SizeDelta.y
      value: 0
      objectReference: {fileID: 0}
    - target: {fileID: 7660722969573037456, guid: 9288f74bec3516a488a5a6d4e9bf6cdb,
        type: 3}
      propertyPath: m_AnchorMin.x
      value: 0
      objectReference: {fileID: 0}
    - target: {fileID: 7660722969573037456, guid: 9288f74bec3516a488a5a6d4e9bf6cdb,
        type: 3}
      propertyPath: m_AnchorMin.y
      value: 0
      objectReference: {fileID: 0}
    - target: {fileID: 7660722969573037456, guid: 9288f74bec3516a488a5a6d4e9bf6cdb,
        type: 3}
      propertyPath: m_AnchorMax.x
      value: 1
      objectReference: {fileID: 0}
    - target: {fileID: 7660722969573037456, guid: 9288f74bec3516a488a5a6d4e9bf6cdb,
        type: 3}
      propertyPath: m_AnchorMax.y
      value: 1
      objectReference: {fileID: 0}
    - target: {fileID: 7660722969573037456, guid: 9288f74bec3516a488a5a6d4e9bf6cdb,
        type: 3}
      propertyPath: m_Pivot.x
      value: 0.5
      objectReference: {fileID: 0}
    - target: {fileID: 7660722969573037456, guid: 9288f74bec3516a488a5a6d4e9bf6cdb,
        type: 3}
      propertyPath: m_Pivot.y
      value: 0.5
      objectReference: {fileID: 0}
    - target: {fileID: 8569287200572841485, guid: 9288f74bec3516a488a5a6d4e9bf6cdb,
        type: 3}
      propertyPath: m_AnchorMax.y
      value: 0
      objectReference: {fileID: 0}
    m_RemovedComponents: []
  m_SourcePrefab: {fileID: 100100000, guid: 9288f74bec3516a488a5a6d4e9bf6cdb, type: 3}
--- !u!224 &417536739450769212 stripped
RectTransform:
  m_CorrespondingSourceObject: {fileID: 7660722969573037456, guid: 9288f74bec3516a488a5a6d4e9bf6cdb,
    type: 3}
  m_PrefabInstance: {fileID: 8042084781916215980}
  m_PrefabAsset: {fileID: 0}
--- !u!1001 &8749589979147564628
PrefabInstance:
  m_ObjectHideFlags: 0
  serializedVersion: 2
  m_Modification:
    m_TransformParent: {fileID: 1968369667055281222}
    m_Modifications:
    - target: {fileID: 7748255362284273405, guid: 30fc2b66b8c7a474dac312bc040e340f,
        type: 3}
      propertyPath: m_Name
      value: PlayerOptionsUI
      objectReference: {fileID: 0}
    - target: {fileID: 66130941983130603, guid: 30fc2b66b8c7a474dac312bc040e340f,
        type: 3}
      propertyPath: m_LocalPosition.x
      value: 0
      objectReference: {fileID: 0}
    - target: {fileID: 66130941983130603, guid: 30fc2b66b8c7a474dac312bc040e340f,
        type: 3}
      propertyPath: m_LocalPosition.y
      value: 0
      objectReference: {fileID: 0}
    - target: {fileID: 66130941983130603, guid: 30fc2b66b8c7a474dac312bc040e340f,
        type: 3}
      propertyPath: m_LocalPosition.z
      value: 0
      objectReference: {fileID: 0}
    - target: {fileID: 66130941983130603, guid: 30fc2b66b8c7a474dac312bc040e340f,
        type: 3}
      propertyPath: m_LocalRotation.x
      value: 0
      objectReference: {fileID: 0}
    - target: {fileID: 66130941983130603, guid: 30fc2b66b8c7a474dac312bc040e340f,
        type: 3}
      propertyPath: m_LocalRotation.y
      value: 0
      objectReference: {fileID: 0}
    - target: {fileID: 66130941983130603, guid: 30fc2b66b8c7a474dac312bc040e340f,
        type: 3}
      propertyPath: m_LocalRotation.z
      value: 0
      objectReference: {fileID: 0}
    - target: {fileID: 66130941983130603, guid: 30fc2b66b8c7a474dac312bc040e340f,
        type: 3}
      propertyPath: m_LocalRotation.w
      value: 1
      objectReference: {fileID: 0}
    - target: {fileID: 66130941983130603, guid: 30fc2b66b8c7a474dac312bc040e340f,
        type: 3}
      propertyPath: m_RootOrder
      value: 5
      objectReference: {fileID: 0}
    - target: {fileID: 66130941983130603, guid: 30fc2b66b8c7a474dac312bc040e340f,
        type: 3}
      propertyPath: m_LocalEulerAnglesHint.x
      value: 0
      objectReference: {fileID: 0}
    - target: {fileID: 66130941983130603, guid: 30fc2b66b8c7a474dac312bc040e340f,
        type: 3}
      propertyPath: m_LocalEulerAnglesHint.y
      value: 0
      objectReference: {fileID: 0}
    - target: {fileID: 66130941983130603, guid: 30fc2b66b8c7a474dac312bc040e340f,
        type: 3}
      propertyPath: m_LocalEulerAnglesHint.z
      value: 0
      objectReference: {fileID: 0}
    - target: {fileID: 66130941983130603, guid: 30fc2b66b8c7a474dac312bc040e340f,
        type: 3}
      propertyPath: m_AnchoredPosition.x
      value: 0
      objectReference: {fileID: 0}
    - target: {fileID: 66130941983130603, guid: 30fc2b66b8c7a474dac312bc040e340f,
        type: 3}
      propertyPath: m_AnchoredPosition.y
      value: 0
      objectReference: {fileID: 0}
    - target: {fileID: 66130941983130603, guid: 30fc2b66b8c7a474dac312bc040e340f,
        type: 3}
      propertyPath: m_SizeDelta.x
      value: 0
      objectReference: {fileID: 0}
    - target: {fileID: 66130941983130603, guid: 30fc2b66b8c7a474dac312bc040e340f,
        type: 3}
      propertyPath: m_SizeDelta.y
      value: 0
      objectReference: {fileID: 0}
    - target: {fileID: 66130941983130603, guid: 30fc2b66b8c7a474dac312bc040e340f,
        type: 3}
      propertyPath: m_AnchorMin.x
      value: 0
      objectReference: {fileID: 0}
    - target: {fileID: 66130941983130603, guid: 30fc2b66b8c7a474dac312bc040e340f,
        type: 3}
      propertyPath: m_AnchorMin.y
      value: 0
      objectReference: {fileID: 0}
    - target: {fileID: 66130941983130603, guid: 30fc2b66b8c7a474dac312bc040e340f,
        type: 3}
      propertyPath: m_AnchorMax.x
      value: 1
      objectReference: {fileID: 0}
    - target: {fileID: 66130941983130603, guid: 30fc2b66b8c7a474dac312bc040e340f,
        type: 3}
      propertyPath: m_AnchorMax.y
      value: 1
      objectReference: {fileID: 0}
    - target: {fileID: 66130941983130603, guid: 30fc2b66b8c7a474dac312bc040e340f,
        type: 3}
      propertyPath: m_Pivot.x
      value: 0.5
      objectReference: {fileID: 0}
    - target: {fileID: 66130941983130603, guid: 30fc2b66b8c7a474dac312bc040e340f,
        type: 3}
      propertyPath: m_Pivot.y
      value: 0.5
      objectReference: {fileID: 0}
    - target: {fileID: 1207177930895381621, guid: 30fc2b66b8c7a474dac312bc040e340f,
        type: 3}
      propertyPath: m_OnValueChanged.m_PersistentCalls.m_Calls.Array.data[1].m_Target
      value: 
      objectReference: {fileID: 853047747370294982}
    - target: {fileID: 7978555646747017637, guid: 30fc2b66b8c7a474dac312bc040e340f,
        type: 3}
      propertyPath: m_AnchorMax.x
      value: 0
      objectReference: {fileID: 0}
    - target: {fileID: 7978555646747017637, guid: 30fc2b66b8c7a474dac312bc040e340f,
        type: 3}
      propertyPath: m_AnchorMax.y
      value: 0
      objectReference: {fileID: 0}
    - target: {fileID: 5658069319786093076, guid: 30fc2b66b8c7a474dac312bc040e340f,
        type: 3}
      propertyPath: m_AnchorMin.x
      value: 0
      objectReference: {fileID: 0}
    - target: {fileID: 5658069319786093076, guid: 30fc2b66b8c7a474dac312bc040e340f,
        type: 3}
      propertyPath: m_AnchorMax.x
      value: 0
      objectReference: {fileID: 0}
    - target: {fileID: 5658069319786093076, guid: 30fc2b66b8c7a474dac312bc040e340f,
        type: 3}
      propertyPath: m_AnchorMax.y
      value: 0
      objectReference: {fileID: 0}
    - target: {fileID: 9064835601255846868, guid: 30fc2b66b8c7a474dac312bc040e340f,
        type: 3}
      propertyPath: m_Delegates.Array.data[0].callback.m_PersistentCalls.m_Calls.Array.data[0].m_Target
      value: 
      objectReference: {fileID: 853047747370294982}
    - target: {fileID: 9064835601255846868, guid: 30fc2b66b8c7a474dac312bc040e340f,
        type: 3}
      propertyPath: m_Delegates.Array.data[1].callback.m_PersistentCalls.m_Calls.Array.data[0].m_Target
      value: 
      objectReference: {fileID: 853047747370294982}
    - target: {fileID: 8189022149087922148, guid: 30fc2b66b8c7a474dac312bc040e340f,
        type: 3}
      propertyPath: m_Delegates.Array.data[0].callback.m_PersistentCalls.m_Calls.Array.data[0].m_Target
      value: 
      objectReference: {fileID: 853047747370294982}
    - target: {fileID: 8189022149087922148, guid: 30fc2b66b8c7a474dac312bc040e340f,
        type: 3}
      propertyPath: m_Delegates.Array.data[1].callback.m_PersistentCalls.m_Calls.Array.data[0].m_Target
      value: 
      objectReference: {fileID: 853047747370294982}
    - target: {fileID: 6517904047826328761, guid: 30fc2b66b8c7a474dac312bc040e340f,
        type: 3}
      propertyPath: m_OnClick.m_PersistentCalls.m_Calls.Array.data[1].m_Target
      value: 
      objectReference: {fileID: 853047747370294982}
    - target: {fileID: 6723839368790418658, guid: 30fc2b66b8c7a474dac312bc040e340f,
        type: 3}
      propertyPath: m_Delegates.Array.data[0].callback.m_PersistentCalls.m_Calls.Array.data[0].m_Target
      value: 
      objectReference: {fileID: 853047747370294982}
    - target: {fileID: 6723839368790418658, guid: 30fc2b66b8c7a474dac312bc040e340f,
        type: 3}
      propertyPath: m_Delegates.Array.data[1].callback.m_PersistentCalls.m_Calls.Array.data[0].m_Target
      value: 
      objectReference: {fileID: 853047747370294982}
    - target: {fileID: 5482014149370644935, guid: 30fc2b66b8c7a474dac312bc040e340f,
        type: 3}
      propertyPath: m_OnClick.m_PersistentCalls.m_Calls.Array.data[1].m_Target
      value: 
      objectReference: {fileID: 853047747370294982}
    - target: {fileID: 2361796804434895994, guid: 30fc2b66b8c7a474dac312bc040e340f,
        type: 3}
      propertyPath: m_OnClick.m_PersistentCalls.m_Calls.Array.data[1].m_Target
      value: 
      objectReference: {fileID: 853047747370294982}
    - target: {fileID: 1757482904211945090, guid: 30fc2b66b8c7a474dac312bc040e340f,
        type: 3}
      propertyPath: m_Delegates.Array.data[0].callback.m_PersistentCalls.m_Calls.Array.data[0].m_Target
      value: 
      objectReference: {fileID: 853047747370294982}
    - target: {fileID: 1757482904211945090, guid: 30fc2b66b8c7a474dac312bc040e340f,
        type: 3}
      propertyPath: m_Delegates.Array.data[1].callback.m_PersistentCalls.m_Calls.Array.data[0].m_Target
      value: 
      objectReference: {fileID: 853047747370294982}
    m_RemovedComponents: []
  m_SourcePrefab: {fileID: 100100000, guid: 30fc2b66b8c7a474dac312bc040e340f, type: 3}
--- !u!224 &8756748129341633983 stripped
RectTransform:
  m_CorrespondingSourceObject: {fileID: 66130941983130603, guid: 30fc2b66b8c7a474dac312bc040e340f,
    type: 3}
  m_PrefabInstance: {fileID: 8749589979147564628}
  m_PrefabAsset: {fileID: 0}
--- !u!114 &106625163988952271 stripped
MonoBehaviour:
  m_CorrespondingSourceObject: {fileID: 8653111151494009499, guid: 30fc2b66b8c7a474dac312bc040e340f,
    type: 3}
  m_PrefabInstance: {fileID: 8749589979147564628}
  m_PrefabAsset: {fileID: 0}
  m_GameObject: {fileID: 0}
  m_Enabled: 1
  m_EditorHideFlags: 0
  m_Script: {fileID: 11500000, guid: 3db53d53452b1d145beebf5e2fa7d90a, type: 3}
  m_Name: 
  m_EditorClassIdentifier: 
