%YAML 1.1
%TAG !u! tag:unity3d.com,2011:
--- !u!1 &717446187293825580
GameObject:
  m_ObjectHideFlags: 0
  m_CorrespondingSourceObject: {fileID: 0}
  m_PrefabInstance: {fileID: 0}
  m_PrefabAsset: {fileID: 0}
  serializedVersion: 6
  m_Component:
  - component: {fileID: 6725578342047958908}
  - component: {fileID: 7576635106438142830}
  - component: {fileID: 7268905182505209426}
  - component: {fileID: 839787611331876647}
  - component: {fileID: 108702939320359638}
  - component: {fileID: 1085257291678544802}
  - component: {fileID: 7124507467277175255}
  - component: {fileID: 7678681318856784300}
  m_Layer: 0
  m_Name: PRE_ZeroChaser_04_Test
  m_TagString: Player
  m_Icon: {fileID: 0}
  m_NavMeshLayer: 0
  m_StaticEditorFlags: 0
  m_IsActive: 1
--- !u!4 &6725578342047958908
Transform:
  m_ObjectHideFlags: 0
  m_CorrespondingSourceObject: {fileID: 0}
  m_PrefabInstance: {fileID: 0}
  m_PrefabAsset: {fileID: 0}
  m_GameObject: {fileID: 717446187293825580}
  m_LocalRotation: {x: 0, y: 0, z: 0, w: 1}
  m_LocalPosition: {x: 0, y: 1.01, z: 0}
  m_LocalScale: {x: 1, y: 1, z: 1}
  m_Children:
  - {fileID: 4832280120963311674}
  - {fileID: 5688581184888592609}
  m_Father: {fileID: 0}
  m_RootOrder: 0
  m_LocalEulerAnglesHint: {x: 0, y: 0, z: 0}
--- !u!95 &7576635106438142830
Animator:
  serializedVersion: 3
  m_ObjectHideFlags: 0
  m_CorrespondingSourceObject: {fileID: 0}
  m_PrefabInstance: {fileID: 0}
  m_PrefabAsset: {fileID: 0}
  m_GameObject: {fileID: 717446187293825580}
  m_Enabled: 1
  m_Avatar: {fileID: 0}
  m_Controller: {fileID: 9100000, guid: 6af15ef63534fd44fa1fdfd26cb6eb2f, type: 2}
  m_CullingMode: 0
  m_UpdateMode: 0
  m_ApplyRootMotion: 0
  m_LinearVelocityBlending: 0
  m_WarningMessage: 
  m_HasTransformHierarchy: 1
  m_AllowConstantClipSamplingOptimization: 1
  m_KeepAnimatorControllerStateOnDisable: 0
--- !u!64 &7268905182505209426
MeshCollider:
  m_ObjectHideFlags: 0
  m_CorrespondingSourceObject: {fileID: 0}
  m_PrefabInstance: {fileID: 0}
  m_PrefabAsset: {fileID: 0}
  m_GameObject: {fileID: 717446187293825580}
  m_Material: {fileID: 13400000, guid: 44a6aa3c71774b94cba006216d999d85, type: 2}
  m_IsTrigger: 0
  m_Enabled: 1
  serializedVersion: 3
  m_Convex: 1
  m_CookingOptions: 14
  m_Mesh: {fileID: 4876552711801424303, guid: d40bdd1681c18d940b0ead3fa7de72d5, type: 3}
--- !u!54 &839787611331876647
Rigidbody:
  m_ObjectHideFlags: 0
  m_CorrespondingSourceObject: {fileID: 0}
  m_PrefabInstance: {fileID: 0}
  m_PrefabAsset: {fileID: 0}
  m_GameObject: {fileID: 717446187293825580}
  serializedVersion: 2
  m_Mass: 1
  m_Drag: 0
  m_AngularDrag: 3
  m_UseGravity: 0
  m_IsKinematic: 0
  m_Interpolate: 0
  m_Constraints: 80
  m_CollisionDetection: 2
--- !u!114 &108702939320359638
MonoBehaviour:
  m_ObjectHideFlags: 0
  m_CorrespondingSourceObject: {fileID: 0}
  m_PrefabInstance: {fileID: 0}
  m_PrefabAsset: {fileID: 0}
  m_GameObject: {fileID: 717446187293825580}
  m_Enabled: 1
  m_EditorHideFlags: 0
  m_Script: {fileID: 11500000, guid: a8dfc5e98f053274fae07fa532d65d32, type: 3}
  m_Name: 
  m_EditorClassIdentifier: 
  _VirtualCamera: {fileID: 6864506494286400553}
--- !u!114 &1085257291678544802
MonoBehaviour:
  m_ObjectHideFlags: 0
  m_CorrespondingSourceObject: {fileID: 0}
  m_PrefabInstance: {fileID: 0}
  m_PrefabAsset: {fileID: 0}
  m_GameObject: {fileID: 717446187293825580}
  m_Enabled: 1
  m_EditorHideFlags: 0
  m_Script: {fileID: 11500000, guid: e50f21ab7383e7f4fbb03ec31a073890, type: 3}
  m_Name: 
  m_EditorClassIdentifier: 
  _VerticalAxis: Vertical
  _HorizontalAxis: Horizontal
  _BrakeKey: Brake
  _AccelerateKey: Accelerate
  _ReverseKey: Reverse
  _Thruster: 0
  _Rudder: 0
  _IsBraking: 0
  _IsJump: 0
  _IsJetPack: 0
  _IsPowerUp: 0
  _TestBike: 0
  _VerticalInput: 0
--- !u!114 &7124507467277175255
MonoBehaviour:
  m_ObjectHideFlags: 0
  m_CorrespondingSourceObject: {fileID: 0}
  m_PrefabInstance: {fileID: 0}
  m_PrefabAsset: {fileID: 0}
  m_GameObject: {fileID: 717446187293825580}
  m_Enabled: 1
  m_EditorHideFlags: 0
  m_Script: {fileID: 11500000, guid: c758d19ee5cf4b94dbeccf8bda6656d7, type: 3}
  m_Name: 
  m_EditorClassIdentifier: 
  _Speed: 0
  _DriveForce: 50
  _SlowingVelFactor: 0.999
  _BrakingVelFactor: 0.99
  _AngleOfRoll: 30
  _Angle: 0
  _HoverHeight: 1.5
  _MaxGroundDist: 5
  _HoverForce: 200
  _GroundLayer:
    serializedVersion: 2
    m_Bits: 512
  _WallLayer:
    serializedVersion: 2
    m_Bits: 1024
  _HoverPID:
    _PCoeff: 0.8
    _ICoeff: 0.0002
    _DCoeff: 0.2
    _Minimum: -1
    _Maximum: 1
  _VehicleBody: {fileID: 4832280120963311674}
  _TerminalVelocity: 100
  _HoverGravity: 20
  _FallGravity: 80
  _JumpForce: 100
  _JetPackForce: 50
  _IsOnGround: 0
--- !u!114 &7678681318856784300
MonoBehaviour:
  m_ObjectHideFlags: 0
  m_CorrespondingSourceObject: {fileID: 0}
  m_PrefabInstance: {fileID: 0}
  m_PrefabAsset: {fileID: 0}
  m_GameObject: {fileID: 717446187293825580}
  m_Enabled: 1
  m_EditorHideFlags: 0
  m_Script: {fileID: 11500000, guid: 09141a9d5e11fb54fbbcea67d42ab259, type: 3}
  m_Name: 
  m_EditorClassIdentifier: 
  _SwordLeft: {fileID: 2816904447474737263}
  _SwordRight: {fileID: 7918649770809798161}
--- !u!1001 &437990210962128844
PrefabInstance:
  m_ObjectHideFlags: 0
  serializedVersion: 2
  m_Modification:
    m_TransformParent: {fileID: 6725578342047958908}
    m_Modifications:
    - target: {fileID: 7848440324620408070, guid: 756630e8d59bece4880a9b83f5129ac0,
        type: 3}
      propertyPath: m_Name
      value: FollowCamera
      objectReference: {fileID: 0}
    - target: {fileID: 5252863700775184173, guid: 756630e8d59bece4880a9b83f5129ac0,
        type: 3}
      propertyPath: m_LocalPosition.x
      value: 0
      objectReference: {fileID: 0}
    - target: {fileID: 5252863700775184173, guid: 756630e8d59bece4880a9b83f5129ac0,
        type: 3}
      propertyPath: m_LocalPosition.y
      value: 2.8
      objectReference: {fileID: 0}
    - target: {fileID: 5252863700775184173, guid: 756630e8d59bece4880a9b83f5129ac0,
        type: 3}
      propertyPath: m_LocalPosition.z
      value: -4.4
      objectReference: {fileID: 0}
    - target: {fileID: 5252863700775184173, guid: 756630e8d59bece4880a9b83f5129ac0,
        type: 3}
      propertyPath: m_LocalRotation.x
      value: 0.04291382
      objectReference: {fileID: 0}
    - target: {fileID: 5252863700775184173, guid: 756630e8d59bece4880a9b83f5129ac0,
        type: 3}
      propertyPath: m_LocalRotation.y
      value: 2.861147e-19
      objectReference: {fileID: 0}
    - target: {fileID: 5252863700775184173, guid: 756630e8d59bece4880a9b83f5129ac0,
        type: 3}
      propertyPath: m_LocalRotation.z
      value: -6.6610497e-18
      objectReference: {fileID: 0}
    - target: {fileID: 5252863700775184173, guid: 756630e8d59bece4880a9b83f5129ac0,
        type: 3}
      propertyPath: m_LocalRotation.w
      value: 0.9990788
      objectReference: {fileID: 0}
    - target: {fileID: 5252863700775184173, guid: 756630e8d59bece4880a9b83f5129ac0,
        type: 3}
      propertyPath: m_RootOrder
      value: 1
      objectReference: {fileID: 0}
    - target: {fileID: 5252863700775184173, guid: 756630e8d59bece4880a9b83f5129ac0,
        type: 3}
      propertyPath: m_LocalEulerAnglesHint.x
      value: 0
      objectReference: {fileID: 0}
    - target: {fileID: 5252863700775184173, guid: 756630e8d59bece4880a9b83f5129ac0,
        type: 3}
      propertyPath: m_LocalEulerAnglesHint.y
      value: 0
      objectReference: {fileID: 0}
    - target: {fileID: 5252863700775184173, guid: 756630e8d59bece4880a9b83f5129ac0,
        type: 3}
      propertyPath: m_LocalEulerAnglesHint.z
      value: 0
      objectReference: {fileID: 0}
    - target: {fileID: 6709462489186279213, guid: 756630e8d59bece4880a9b83f5129ac0,
        type: 3}
      propertyPath: m_LocalRotation.z
      value: -1.9387046e-26
      objectReference: {fileID: 0}
    - target: {fileID: 6709462489186279213, guid: 756630e8d59bece4880a9b83f5129ac0,
        type: 3}
      propertyPath: m_LocalRotation.y
      value: -0
      objectReference: {fileID: 0}
    - target: {fileID: 6709462489186279213, guid: 756630e8d59bece4880a9b83f5129ac0,
        type: 3}
      propertyPath: m_LocalPosition.x
      value: 0
      objectReference: {fileID: 0}
    - target: {fileID: 6709462489186279213, guid: 756630e8d59bece4880a9b83f5129ac0,
        type: 3}
      propertyPath: m_LocalPosition.y
      value: 0
      objectReference: {fileID: 0}
    - target: {fileID: 6709462489186279213, guid: 756630e8d59bece4880a9b83f5129ac0,
        type: 3}
      propertyPath: m_LocalPosition.z
      value: 0
      objectReference: {fileID: 0}
    - target: {fileID: 6709462489186279213, guid: 756630e8d59bece4880a9b83f5129ac0,
        type: 3}
      propertyPath: m_LocalRotation.x
      value: -0
      objectReference: {fileID: 0}
    - target: {fileID: 6437805025618260965, guid: 756630e8d59bece4880a9b83f5129ac0,
        type: 3}
      propertyPath: m_LookAt
      value: 
      objectReference: {fileID: 6725578342047958908}
    - target: {fileID: 6437805025618260965, guid: 756630e8d59bece4880a9b83f5129ac0,
        type: 3}
      propertyPath: m_Follow
      value: 
      objectReference: {fileID: 6725578342047958908}
    - target: {fileID: 3201950366348001952, guid: 756630e8d59bece4880a9b83f5129ac0,
        type: 3}
      propertyPath: m_FollowOffset.y
      value: 2.8
      objectReference: {fileID: 0}
    - target: {fileID: 3201950366348001952, guid: 756630e8d59bece4880a9b83f5129ac0,
        type: 3}
      propertyPath: m_FollowOffset.z
      value: -4.4
      objectReference: {fileID: 0}
    - target: {fileID: 3201950366348001952, guid: 756630e8d59bece4880a9b83f5129ac0,
        type: 3}
      propertyPath: m_XDamping
      value: 0.1
      objectReference: {fileID: 0}
    - target: {fileID: 3201950366348001952, guid: 756630e8d59bece4880a9b83f5129ac0,
        type: 3}
      propertyPath: m_ZDamping
      value: 0.05
      objectReference: {fileID: 0}
    m_RemovedComponents: []
  m_SourcePrefab: {fileID: 100100000, guid: 756630e8d59bece4880a9b83f5129ac0, type: 3}
--- !u!4 &5688581184888592609 stripped
Transform:
  m_CorrespondingSourceObject: {fileID: 5252863700775184173, guid: 756630e8d59bece4880a9b83f5129ac0,
    type: 3}
  m_PrefabInstance: {fileID: 437990210962128844}
  m_PrefabAsset: {fileID: 0}
--- !u!114 &6864506494286400553 stripped
MonoBehaviour:
  m_CorrespondingSourceObject: {fileID: 6437805025618260965, guid: 756630e8d59bece4880a9b83f5129ac0,
    type: 3}
  m_PrefabInstance: {fileID: 437990210962128844}
  m_PrefabAsset: {fileID: 0}
  m_GameObject: {fileID: 0}
  m_Enabled: 1
  m_EditorHideFlags: 0
  m_Script: {fileID: 11500000, guid: 45e653bab7fb20e499bda25e1b646fea, type: 3}
  m_Name: 
  m_EditorClassIdentifier: 
--- !u!1001 &465280216888673056
PrefabInstance:
  m_ObjectHideFlags: 0
  serializedVersion: 2
  m_Modification:
    m_TransformParent: {fileID: 6725578342047958908}
    m_Modifications:
    - target: {fileID: -927199367670048503, guid: d40bdd1681c18d940b0ead3fa7de72d5,
        type: 3}
      propertyPath: m_Name
      value: ZeroChaser_04
      objectReference: {fileID: 0}
    - target: {fileID: -4216859302048453862, guid: d40bdd1681c18d940b0ead3fa7de72d5,
        type: 3}
      propertyPath: m_LocalPosition.x
      value: 0
      objectReference: {fileID: 0}
    - target: {fileID: -4216859302048453862, guid: d40bdd1681c18d940b0ead3fa7de72d5,
        type: 3}
      propertyPath: m_LocalPosition.y
      value: 0
      objectReference: {fileID: 0}
    - target: {fileID: -4216859302048453862, guid: d40bdd1681c18d940b0ead3fa7de72d5,
        type: 3}
      propertyPath: m_LocalPosition.z
      value: 0
      objectReference: {fileID: 0}
    - target: {fileID: -4216859302048453862, guid: d40bdd1681c18d940b0ead3fa7de72d5,
        type: 3}
      propertyPath: m_LocalRotation.x
      value: 0.00022424893
      objectReference: {fileID: 0}
    - target: {fileID: -4216859302048453862, guid: d40bdd1681c18d940b0ead3fa7de72d5,
        type: 3}
      propertyPath: m_LocalRotation.y
      value: 0.0041210186
      objectReference: {fileID: 0}
    - target: {fileID: -4216859302048453862, guid: d40bdd1681c18d940b0ead3fa7de72d5,
        type: 3}
      propertyPath: m_LocalRotation.z
      value: 0.086080484
      objectReference: {fileID: 0}
    - target: {fileID: -4216859302048453862, guid: d40bdd1681c18d940b0ead3fa7de72d5,
        type: 3}
      propertyPath: m_LocalRotation.w
      value: 0.99627966
      objectReference: {fileID: 0}
    - target: {fileID: -4216859302048453862, guid: d40bdd1681c18d940b0ead3fa7de72d5,
        type: 3}
      propertyPath: m_RootOrder
      value: 0
      objectReference: {fileID: 0}
    - target: {fileID: -4216859302048453862, guid: d40bdd1681c18d940b0ead3fa7de72d5,
        type: 3}
      propertyPath: m_LocalEulerAnglesHint.x
      value: -0.015000001
      objectReference: {fileID: 0}
    - target: {fileID: -4216859302048453862, guid: d40bdd1681c18d940b0ead3fa7de72d5,
        type: 3}
      propertyPath: m_LocalEulerAnglesHint.y
      value: 0.47300002
      objectReference: {fileID: 0}
    - target: {fileID: -4216859302048453862, guid: d40bdd1681c18d940b0ead3fa7de72d5,
        type: 3}
      propertyPath: m_LocalEulerAnglesHint.z
      value: 9.876
      objectReference: {fileID: 0}
    m_RemovedComponents: []
  m_SourcePrefab: {fileID: 100100000, guid: d40bdd1681c18d940b0ead3fa7de72d5, type: 3}
--- !u!4 &4832280120963311674 stripped
Transform:
  m_CorrespondingSourceObject: {fileID: -4216859302048453862, guid: d40bdd1681c18d940b0ead3fa7de72d5,
    type: 3}
  m_PrefabInstance: {fileID: 465280216888673056}
  m_PrefabAsset: {fileID: 0}
--- !u!1001 &2795712078642541064
PrefabInstance:
  m_ObjectHideFlags: 0
  serializedVersion: 2
  m_Modification:
    m_TransformParent: {fileID: 4832280120963311674}
    m_Modifications:
    - target: {fileID: 133976561831563879, guid: b6f29986d10c443499dd455bc0100703,
        type: 3}
      propertyPath: m_Name
      value: PRE_ZeroBladeLeft
      objectReference: {fileID: 0}
    - target: {fileID: 133976561831563876, guid: b6f29986d10c443499dd455bc0100703,
        type: 3}
      propertyPath: m_LocalPosition.x
      value: -0.6
      objectReference: {fileID: 0}
    - target: {fileID: 133976561831563876, guid: b6f29986d10c443499dd455bc0100703,
        type: 3}
      propertyPath: m_LocalPosition.y
      value: 0.5
      objectReference: {fileID: 0}
    - target: {fileID: 133976561831563876, guid: b6f29986d10c443499dd455bc0100703,
        type: 3}
      propertyPath: m_LocalPosition.z
      value: 1
      objectReference: {fileID: 0}
    - target: {fileID: 133976561831563876, guid: b6f29986d10c443499dd455bc0100703,
        type: 3}
      propertyPath: m_LocalRotation.x
      value: -0
      objectReference: {fileID: 0}
    - target: {fileID: 133976561831563876, guid: b6f29986d10c443499dd455bc0100703,
        type: 3}
      propertyPath: m_LocalRotation.y
      value: -0
      objectReference: {fileID: 0}
    - target: {fileID: 133976561831563876, guid: b6f29986d10c443499dd455bc0100703,
        type: 3}
      propertyPath: m_LocalRotation.z
      value: -0
      objectReference: {fileID: 0}
    - target: {fileID: 133976561831563876, guid: b6f29986d10c443499dd455bc0100703,
        type: 3}
      propertyPath: m_LocalRotation.w
      value: 1
      objectReference: {fileID: 0}
    - target: {fileID: 133976561831563876, guid: b6f29986d10c443499dd455bc0100703,
        type: 3}
      propertyPath: m_RootOrder
      value: 0
      objectReference: {fileID: 0}
    - target: {fileID: 133976561831563876, guid: b6f29986d10c443499dd455bc0100703,
        type: 3}
      propertyPath: m_LocalEulerAnglesHint.x
      value: 0
      objectReference: {fileID: 0}
    - target: {fileID: 133976561831563876, guid: b6f29986d10c443499dd455bc0100703,
        type: 3}
      propertyPath: m_LocalEulerAnglesHint.y
      value: 0
      objectReference: {fileID: 0}
    - target: {fileID: 133976561831563876, guid: b6f29986d10c443499dd455bc0100703,
        type: 3}
      propertyPath: m_LocalEulerAnglesHint.z
      value: 0
      objectReference: {fileID: 0}
    m_RemovedComponents: []
  m_SourcePrefab: {fileID: 100100000, guid: b6f29986d10c443499dd455bc0100703, type: 3}
--- !u!1 &2816904447474737263 stripped
GameObject:
  m_CorrespondingSourceObject: {fileID: 133976561831563879, guid: b6f29986d10c443499dd455bc0100703,
    type: 3}
  m_PrefabInstance: {fileID: 2795712078642541064}
  m_PrefabAsset: {fileID: 0}
--- !u!1001 &6973164358187544319
PrefabInstance:
  m_ObjectHideFlags: 0
  serializedVersion: 2
  m_Modification:
    m_TransformParent: {fileID: 4832280120963311674}
    m_Modifications:
    - target: {fileID: 946066030532641006, guid: 2a44b634c361e8c4f9c0014ec532aca6,
        type: 3}
      propertyPath: m_Name
      value: PRE_ZeroBladeRight
      objectReference: {fileID: 0}
    - target: {fileID: 946066030532641007, guid: 2a44b634c361e8c4f9c0014ec532aca6,
        type: 3}
      propertyPath: m_LocalPosition.x
      value: 0.6
      objectReference: {fileID: 0}
    - target: {fileID: 946066030532641007, guid: 2a44b634c361e8c4f9c0014ec532aca6,
        type: 3}
      propertyPath: m_LocalPosition.y
      value: 0.5
      objectReference: {fileID: 0}
    - target: {fileID: 946066030532641007, guid: 2a44b634c361e8c4f9c0014ec532aca6,
        type: 3}
      propertyPath: m_LocalPosition.z
      value: 1
      objectReference: {fileID: 0}
    - target: {fileID: 946066030532641007, guid: 2a44b634c361e8c4f9c0014ec532aca6,
        type: 3}
      propertyPath: m_LocalRotation.x
      value: -0
      objectReference: {fileID: 0}
    - target: {fileID: 946066030532641007, guid: 2a44b634c361e8c4f9c0014ec532aca6,
        type: 3}
      propertyPath: m_LocalRotation.y
      value: -0
      objectReference: {fileID: 0}
    - target: {fileID: 946066030532641007, guid: 2a44b634c361e8c4f9c0014ec532aca6,
        type: 3}
      propertyPath: m_LocalRotation.z
      value: -0
      objectReference: {fileID: 0}
    - target: {fileID: 946066030532641007, guid: 2a44b634c361e8c4f9c0014ec532aca6,
        type: 3}
      propertyPath: m_LocalRotation.w
      value: 1
      objectReference: {fileID: 0}
    - target: {fileID: 946066030532641007, guid: 2a44b634c361e8c4f9c0014ec532aca6,
        type: 3}
      propertyPath: m_RootOrder
      value: 1
      objectReference: {fileID: 0}
    - target: {fileID: 946066030532641007, guid: 2a44b634c361e8c4f9c0014ec532aca6,
        type: 3}
      propertyPath: m_LocalEulerAnglesHint.x
      value: 0
      objectReference: {fileID: 0}
    - target: {fileID: 946066030532641007, guid: 2a44b634c361e8c4f9c0014ec532aca6,
        type: 3}
      propertyPath: m_LocalEulerAnglesHint.y
      value: 0
      objectReference: {fileID: 0}
    - target: {fileID: 946066030532641007, guid: 2a44b634c361e8c4f9c0014ec532aca6,
        type: 3}
      propertyPath: m_LocalEulerAnglesHint.z
      value: 0
      objectReference: {fileID: 0}
    m_RemovedComponents: []
  m_SourcePrefab: {fileID: 100100000, guid: 2a44b634c361e8c4f9c0014ec532aca6, type: 3}
--- !u!1 &7918649770809798161 stripped
GameObject:
  m_CorrespondingSourceObject: {fileID: 946066030532641006, guid: 2a44b634c361e8c4f9c0014ec532aca6,
    type: 3}
  m_PrefabInstance: {fileID: 6973164358187544319}
  m_PrefabAsset: {fileID: 0}
