%YAML 1.1
%TAG !u! tag:unity3d.com,2011:
--- !u!1 &1223814241754181241
GameObject:
  m_ObjectHideFlags: 0
  m_CorrespondingSourceObject: {fileID: 0}
  m_PrefabInstance: {fileID: 0}
  m_PrefabAsset: {fileID: 0}
  serializedVersion: 6
  m_Component:
  - component: {fileID: 1223814241754181242}
  - component: {fileID: 1223814241754181243}
  - component: {fileID: 1223814241754181240}
  m_Layer: 9
  m_Name: Road Mesh Holder
  m_TagString: Untagged
  m_Icon: {fileID: 0}
  m_NavMeshLayer: 0
  m_StaticEditorFlags: 0
  m_IsActive: 1
--- !u!4 &1223814241754181242
Transform:
  m_ObjectHideFlags: 0
  m_CorrespondingSourceObject: {fileID: 0}
  m_PrefabInstance: {fileID: 0}
  m_PrefabAsset: {fileID: 0}
  m_GameObject: {fileID: 1223814241754181241}
  m_LocalRotation: {x: -0, y: -0, z: -0, w: 1}
  m_LocalPosition: {x: 0, y: 3.79, z: 0}
  m_LocalScale: {x: 1, y: 1, z: 1}
  m_Children: []
  m_Father: {fileID: 6076194436856167818}
  m_RootOrder: 0
  m_LocalEulerAnglesHint: {x: 0, y: 0, z: 0}
--- !u!33 &1223814241754181243
MeshFilter:
  m_ObjectHideFlags: 0
  m_CorrespondingSourceObject: {fileID: 0}
  m_PrefabInstance: {fileID: 0}
  m_PrefabAsset: {fileID: 0}
  m_GameObject: {fileID: 1223814241754181241}
  m_Mesh: {fileID: 0}
--- !u!23 &1223814241754181240
MeshRenderer:
  m_ObjectHideFlags: 0
  m_CorrespondingSourceObject: {fileID: 0}
  m_PrefabInstance: {fileID: 0}
  m_PrefabAsset: {fileID: 0}
  m_GameObject: {fileID: 1223814241754181241}
  m_Enabled: 1
  m_CastShadows: 1
  m_ReceiveShadows: 1
  m_DynamicOccludee: 1
  m_MotionVectors: 1
  m_LightProbeUsage: 1
  m_ReflectionProbeUsage: 1
  m_RenderingLayerMask: 1
  m_RendererPriority: 0
  m_Materials:
  - {fileID: 2100000, guid: b5df4735192845740bd11076dc9cdc99, type: 2}
  - {fileID: 2100000, guid: c1d8d882244c5344fa86a8fd23246f81, type: 2}
  - {fileID: 2100000, guid: c1d8d882244c5344fa86a8fd23246f81, type: 2}
  m_StaticBatchInfo:
    firstSubMesh: 0
    subMeshCount: 0
  m_StaticBatchRoot: {fileID: 0}
  m_ProbeAnchor: {fileID: 0}
  m_LightProbeVolumeOverride: {fileID: 0}
  m_ScaleInLightmap: 1
  m_PreserveUVs: 0
  m_IgnoreNormalsForChartDetection: 0
  m_ImportantGI: 0
  m_StitchLightmapSeams: 1
  m_SelectedEditorRenderState: 3
  m_MinimumChartSize: 4
  m_AutoUVMaxDistance: 0.5
  m_AutoUVMaxAngle: 89
  m_LightmapParameters: {fileID: 0}
  m_SortingLayerID: 0
  m_SortingLayer: 0
  m_SortingOrder: 0
--- !u!1 &1223814242541857720
GameObject:
  m_ObjectHideFlags: 0
  m_CorrespondingSourceObject: {fileID: 0}
  m_PrefabInstance: {fileID: 0}
  m_PrefabAsset: {fileID: 0}
  serializedVersion: 6
  m_Component:
  - component: {fileID: 1223814242541857722}
  - component: {fileID: 1223814242541857723}
  - component: {fileID: 1223814242541857725}
  m_Layer: 9
  m_Name: path
  m_TagString: Untagged
  m_Icon: {fileID: 0}
  m_NavMeshLayer: 0
  m_StaticEditorFlags: 0
  m_IsActive: 1
--- !u!4 &1223814242541857722
Transform:
  m_ObjectHideFlags: 0
  m_CorrespondingSourceObject: {fileID: 0}
  m_PrefabInstance: {fileID: 0}
  m_PrefabAsset: {fileID: 0}
  m_GameObject: {fileID: 1223814242541857720}
  m_LocalRotation: {x: -0, y: -0, z: -0, w: 1}
  m_LocalPosition: {x: 0, y: 0, z: 0}
  m_LocalScale: {x: 1, y: 1, z: 1}
  m_Children: []
  m_Father: {fileID: 6076194436856167818}
  m_RootOrder: 1
  m_LocalEulerAnglesHint: {x: 0, y: 0, z: 0}
--- !u!114 &1223814242541857723
MonoBehaviour:
  m_ObjectHideFlags: 0
  m_CorrespondingSourceObject: {fileID: 0}
  m_PrefabInstance: {fileID: 0}
  m_PrefabAsset: {fileID: 0}
  m_GameObject: {fileID: 1223814242541857720}
  m_Enabled: 1
  m_EditorHideFlags: 0
  m_Script: {fileID: 11500000, guid: 8e5ac92bc18f545cc84cd886ece82b4d, type: 3}
  m_Name: 
  m_EditorClassIdentifier: 
  editorData:
    _bezierPath:
      points:
      - {x: -276.63306, y: 0, z: -207.48608}
      - {x: -158.63953, y: 1.3471738, z: -264.1193}
      - {x: 28.924118, y: 8.955795, z: -224.83691}
      - {x: 159.50232, y: 8.169922, z: -215.87463}
      - {x: 239.1907, y: 7.6903243, z: -210.4052}
      - {x: 367.18814, y: 1.5408098, z: -232.15672}
      - {x: 422.3899, y: 0, z: -174.44385}
      - {x: 482.27115, y: -1.6714256, z: -111.83859}
      - {x: 450.77997, y: -15.523787, z: 27.413483}
      - {x: 454.72882, y: 0, z: 112.5686}
      - {x: 457.98697, y: 12.808486, z: 182.82904}
      - {x: 494.52118, y: 81.07723, z: 280.22113}
      - {x: 449.36957, y: 83.82617, z: 335.58337}
      - {x: 395.32864, y: 87.11631, z: 401.8452}
      - {x: 267.06607, y: 14.097412, z: 419.49997}
      - {x: 184.71216, y: 0, z: 401.03442}
      - {x: 119.37231, y: -11.184931, z: 386.38382}
      - {x: 69.89674, y: 0, z: 285.39172}
      - {x: 6.1677246, y: 0, z: 261.98975}
      - {x: -76.97099, y: 0, z: 231.46033}
      - {x: -219.95016, y: -18.710678, z: 197.05289}
      - {x: -288.79248, y: 0, z: 249.53845}
      - {x: -377.52277, y: 24.116041, z: 317.18668}
      - {x: -346.98364, y: 118.31376, z: 490.59796}
      - {x: -353.22253, y: 120.8385, z: 604.5525}
      - {x: -360.51425, y: 123.78931, z: 737.73755}
      - {x: -411.41647, y: 21.155434, z: 932.906}
      - {x: -323.9862, y: -1.7499998, z: 1031.0458}
      - {x: -241.64243, y: -23.32285, z: 1123.4761}
      - {x: -39.56803, y: 0.05351454, z: 1106.2885}
      - {x: 85.36023, y: -0.75, z: 1119.7615}
      - {x: 179.15768, y: -1.3532872, z: 1129.8772}
      - {x: 319.55872, y: -2.4934475, z: 1169.7345}
      - {x: 399.80164, y: -5.4999995, z: 1120.2098}
      - {x: 448.76736, y: -7.334653, z: 1089.989}
      - {x: 494.84232, y: -6.026941, z: 1005.01886}
      - {x: 485.45392, y: -12.999998, z: 948.6492}
      - {x: 473.13687, y: -22.148252, z: 874.6954}
      - {x: 374.7932, y: -43.67338, z: 807.3886}
      - {x: 306.79132, y: -52.39734, z: 775.69946}
      - {x: 193.98454, y: -66.86931, z: 723.13104}
      - {x: 17.216171, y: -72.57942, z: 739.4801}
      - {x: -107.683716, y: -78.23743, z: 731.3406}
      - {x: -228.73608, y: -83.72114, z: 723.4518}
      - {x: -391.1302, y: -97.345085, z: 727.57983}
      - {x: -512.18506, y: -89.71484, z: 721.7937}
      - {x: -574.68225, y: -85.775566, z: 718.8065}
      - {x: -672.68317, y: -63.835995, z: 749.6177}
      - {x: -718.14624, y: -57.64441, z: 706.89636}
      - {x: -788.685, y: -48.037785, z: 640.6116}
      - {x: -759.5609, y: -66.12596, z: 482.77078}
      - {x: -764.6594, y: -57.548218, z: 386.01282}
      - {x: -768.7377, y: -50.686924, z: 308.61664}
      - {x: -775.30914, y: -23.507187, z: 204.94995}
      - {x: -754.4241, y: -12.25, z: 130.84888}
      - {x: -745.19183, y: -7.273752, z: 98.092445}
      - {x: -728.4618, y: 0.2998333, z: 49.061653}
      - {x: -699.07153, y: 0, z: 31.19812}
      - {x: -630.9637, y: -0.6948225, z: -10.198166}
      - {x: -504.81287, y: -34.032276, z: 63.208385}
      - {x: -435.47083, y: -32.385498, z: 23.942871}
      - {x: -381.97928, y: -31.115149, z: -6.3471546}
      - {x: -363.23517, y: -4.883407, z: -97.46589}
      - {x: -327.10034, y: 0, z: -146.97217}
      - {x: -313.20776, y: 1.8774979, z: -166.00558}
      - {x: -297.94324, y: -0.24330583, z: -197.25786}
      isClosed: 1
      space: 0
      controlMode: 3
      autoControlLength: 0.3
      boundsUpToDate: 0
      bounds:
        m_Center: {x: -285.84958, y: -1057.7561, z: 308.4926}
        m_Extent: {x: 870.3031, y: 1125.3074, z: 308.49268}
      perAnchorNormalsAngle:
      - 0
      - 0
      - 0
      - 0
      - 0
      - 0
      - 0
      - 0
      - 0
      - 0
      - 0
      - 0
      - 0
      - 0
      - 0
      - 0
      - 0
      - 0
      - 0
      - 0
      - 0
      - 0
      globalNormalsAngle: 0
      flipNormals: 0
    vertexPathUpToDate: 1
    vertexPathMaxAngleError: 0.3
    vertexPathMinVertexSpacing: 0.01
    showTransformTool: 1
    showPathBounds: 0
    showPerSegmentBounds: 0
    displayAnchorPoints: 1
    displayControlPoints: 1
    bezierHandleScale: 1
    globalDisplaySettingsFoldout: 0
    keepConstantHandleSize: 0
    showNormalsInVertexMode: 0
    showBezierPathInVertexMode: 0
    showDisplayOptions: 1
    showPathOptions: 1
    showVertexPathDisplayOptions: 0
    showVertexPathOptions: 1
    showNormals: 0
    showNormalsHelpInfo: 0
    tabIndex: 0
  initialized: 1
--- !u!114 &1223814242541857725
MonoBehaviour:
  m_ObjectHideFlags: 0
  m_CorrespondingSourceObject: {fileID: 0}
  m_PrefabInstance: {fileID: 0}
  m_PrefabAsset: {fileID: 0}
  m_GameObject: {fileID: 1223814242541857720}
  m_Enabled: 1
  m_EditorHideFlags: 0
  m_Script: {fileID: 11500000, guid: b275c3b78f8717c4cbc60f74a3247f67, type: 3}
  m_Name: 
  m_EditorClassIdentifier: 
  pathCreator: {fileID: 1223814242541857723}
  autoUpdate: 0
  roadWidth: 18
  thickness: 0.15
  flattenSurface: 0
  roadMaterial: {fileID: 2100000, guid: b5df4735192845740bd11076dc9cdc99, type: 2}
  undersideMaterial: {fileID: 2100000, guid: c1d8d882244c5344fa86a8fd23246f81, type: 2}
  textureTiling: 1
  meshHolder: {fileID: 1223814241754181241}
--- !u!1 &6237366194411440706
GameObject:
  m_ObjectHideFlags: 0
  m_CorrespondingSourceObject: {fileID: 0}
  m_PrefabInstance: {fileID: 0}
  m_PrefabAsset: {fileID: 0}
  serializedVersion: 6
  m_Component:
  - component: {fileID: 6076194436856167818}
  m_Layer: 9
  m_Name: PRE_Track_03
  m_TagString: Untagged
  m_Icon: {fileID: 0}
  m_NavMeshLayer: 0
  m_StaticEditorFlags: 0
  m_IsActive: 1
--- !u!4 &6076194436856167818
Transform:
  m_ObjectHideFlags: 0
  m_CorrespondingSourceObject: {fileID: 0}
  m_PrefabInstance: {fileID: 0}
  m_PrefabAsset: {fileID: 0}
  m_GameObject: {fileID: 6237366194411440706}
  m_LocalRotation: {x: 0, y: 0, z: 0, w: 1}
  m_LocalPosition: {x: 0, y: 0, z: 0}
  m_LocalScale: {x: 1, y: 1, z: 1}
  m_Children:
  - {fileID: 1223814241754181242}
  - {fileID: 1223814242541857722}
  m_Father: {fileID: 0}
  m_RootOrder: 0
  m_LocalEulerAnglesHint: {x: 0, y: 0, z: 0}
