%YAML 1.1
%TAG !u! tag:unity3d.com,2011:
--- !u!1 &3888235150395638310
GameObject:
  m_ObjectHideFlags: 0
  m_CorrespondingSourceObject: {fileID: 0}
  m_PrefabInstance: {fileID: 0}
  m_PrefabAsset: {fileID: 0}
  serializedVersion: 6
  m_Component:
  - component: {fileID: 3888235150395638311}
  - component: {fileID: 3888235150395639257}
  - component: {fileID: 3888235150395639256}
  m_Layer: 0
  m_Name: FX_Ring
  m_TagString: Untagged
  m_Icon: {fileID: 0}
  m_NavMeshLayer: 0
  m_StaticEditorFlags: 0
  m_IsActive: 1
--- !u!4 &3888235150395638311
Transform:
  m_ObjectHideFlags: 0
  m_CorrespondingSourceObject: {fileID: 0}
  m_PrefabInstance: {fileID: 0}
  m_PrefabAsset: {fileID: 0}
  m_GameObject: {fileID: 3888235150395638310}
  m_LocalRotation: {x: 0, y: 0, z: 0, w: 1}
  m_LocalPosition: {x: 0, y: 0, z: 0}
  m_LocalScale: {x: 1, y: 1, z: 1}
  m_Children: []
  m_Father: {fileID: 3888235151011657253}
  m_RootOrder: 0
  m_LocalEulerAnglesHint: {x: 0, y: 0, z: 0}
--- !u!2083052967 &3888235150395639257
VisualEffect:
  m_ObjectHideFlags: 0
  m_CorrespondingSourceObject: {fileID: 0}
  m_PrefabInstance: {fileID: 0}
  m_PrefabAsset: {fileID: 0}
  m_GameObject: {fileID: 3888235150395638310}
  m_Enabled: 1
  m_Asset: {fileID: 8926484042661614526, guid: 14944c0193e11d544acd498d49f6b55e, type: 3}
  m_StartSeed: 0
  m_ResetSeedOnPlay: 1
  m_PropertySheet:
    m_Float:
      m_Array: []
    m_Vector2f:
      m_Array: []
    m_Vector3f:
      m_Array: []
    m_Vector4f:
      m_Array: []
    m_Uint:
      m_Array: []
    m_Int:
      m_Array: []
    m_Matrix4x4f:
      m_Array: []
    m_AnimationCurve:
      m_Array: []
    m_Gradient:
      m_Array:
      - m_Value:
          serializedVersion: 2
          key0: {r: 0.009803922, g: 0.23921569, b: 0, a: 1}
          key1: {r: 0, g: 7.0274515, b: 1.5085105, a: 0.9577465}
          key2: {r: 0, g: 0, b: 0, a: 0}
          key3: {r: 0, g: 0, b: 0, a: 0}
          key4: {r: 0, g: 0, b: 0, a: 0}
          key5: {r: 0, g: 0, b: 0, a: 0}
          key6: {r: 0, g: 0, b: 0, a: 0}
          key7: {r: 0, g: 0, b: 0, a: 0}
          ctime0: 2120
          ctime1: 52428
          ctime2: 0
          ctime3: 0
          ctime4: 0
          ctime5: 0
          ctime6: 0
          ctime7: 0
          atime0: 15998
          atime1: 50886
          atime2: 65535
          atime3: 0
          atime4: 0
          atime5: 0
          atime6: 0
          atime7: 0
          m_Mode: 0
          m_NumColorKeys: 2
          m_NumAlphaKeys: 3
        m_Name: RingGradient
        m_Overridden: 1
    m_NamedObject:
      m_Array: []
    m_Bool:
      m_Array: []
--- !u!73398921 &3888235150395639256
VFXRenderer:
  m_ObjectHideFlags: 0
  m_CorrespondingSourceObject: {fileID: 0}
  m_PrefabInstance: {fileID: 0}
  m_PrefabAsset: {fileID: 0}
  m_GameObject: {fileID: 3888235150395638310}
  m_Enabled: 1
  m_CastShadows: 0
  m_ReceiveShadows: 0
  m_DynamicOccludee: 1
  m_MotionVectors: 0
  m_LightProbeUsage: 0
  m_ReflectionProbeUsage: 0
  m_RenderingLayerMask: 1
  m_RendererPriority: 0
  m_Materials:
  - {fileID: 0}
  m_StaticBatchInfo:
    firstSubMesh: 0
    subMeshCount: 0
  m_StaticBatchRoot: {fileID: 0}
  m_ProbeAnchor: {fileID: 0}
  m_LightProbeVolumeOverride: {fileID: 0}
  m_ScaleInLightmap: 1
  m_PreserveUVs: 0
  m_IgnoreNormalsForChartDetection: 0
  m_ImportantGI: 0
  m_StitchLightmapSeams: 1
  m_SelectedEditorRenderState: 3
  m_MinimumChartSize: 4
  m_AutoUVMaxDistance: 0.5
  m_AutoUVMaxAngle: 89
  m_LightmapParameters: {fileID: 0}
  m_SortingLayerID: 0
  m_SortingLayer: 0
  m_SortingOrder: 0
--- !u!1 &3888235151011657252
GameObject:
  m_ObjectHideFlags: 0
  m_CorrespondingSourceObject: {fileID: 0}
  m_PrefabInstance: {fileID: 0}
  m_PrefabAsset: {fileID: 0}
  serializedVersion: 6
  m_Component:
  - component: {fileID: 3888235151011657253}
  - component: {fileID: 5751387512312226814}
  - component: {fileID: 2081641287672341602}
  m_Layer: 0
  m_Name: PRE_Ring
  m_TagString: Untagged
  m_Icon: {fileID: 0}
  m_NavMeshLayer: 0
  m_StaticEditorFlags: 0
  m_IsActive: 1
--- !u!4 &3888235151011657253
Transform:
  m_ObjectHideFlags: 0
  m_CorrespondingSourceObject: {fileID: 0}
  m_PrefabInstance: {fileID: 0}
  m_PrefabAsset: {fileID: 0}
  m_GameObject: {fileID: 3888235151011657252}
  m_LocalRotation: {x: 0, y: 0, z: 0, w: 1}
  m_LocalPosition: {x: 0.050484523, y: -2.350313, z: -1.3816822}
  m_LocalScale: {x: 1, y: 1, z: 1}
  m_Children:
  - {fileID: 3888235150395638311}
  m_Father: {fileID: 0}
  m_RootOrder: 0
  m_LocalEulerAnglesHint: {x: 0, y: 0, z: 0}
--- !u!65 &5751387512312226814
BoxCollider:
  m_ObjectHideFlags: 0
  m_CorrespondingSourceObject: {fileID: 0}
  m_PrefabInstance: {fileID: 0}
  m_PrefabAsset: {fileID: 0}
  m_GameObject: {fileID: 3888235151011657252}
  m_Material: {fileID: 0}
  m_IsTrigger: 1
  m_Enabled: 1
  serializedVersion: 2
  m_Size: {x: 7, y: 7, z: 1}
  m_Center: {x: 0, y: 0, z: 0}
--- !u!114 &2081641287672341602
MonoBehaviour:
  m_ObjectHideFlags: 0
  m_CorrespondingSourceObject: {fileID: 0}
  m_PrefabInstance: {fileID: 0}
  m_PrefabAsset: {fileID: 0}
  m_GameObject: {fileID: 3888235151011657252}
  m_Enabled: 1
  m_EditorHideFlags: 0
  m_Script: {fileID: 11500000, guid: 728260d2d72a0ca43a0887a11da08b74, type: 3}
  m_Name: 
  m_EditorClassIdentifier: 
  _ScoreManager: {fileID: 0}
