%YAML 1.1
%TAG !u! tag:unity3d.com,2011:
--- !u!1 &8733599272269838770
GameObject:
  m_ObjectHideFlags: 0
  m_CorrespondingSourceObject: {fileID: 0}
  m_PrefabInstance: {fileID: 0}
  m_PrefabAsset: {fileID: 0}
  serializedVersion: 6
  m_Component:
  - component: {fileID: 8733599272269838769}
  - component: {fileID: 384830426589760645}
  m_Layer: 0
  m_Name: PRE_HUDManager
  m_TagString: Untagged
  m_Icon: {fileID: 0}
  m_NavMeshLayer: 0
  m_StaticEditorFlags: 0
  m_IsActive: 1
--- !u!4 &8733599272269838769
Transform:
  m_ObjectHideFlags: 0
  m_CorrespondingSourceObject: {fileID: 0}
  m_PrefabInstance: {fileID: 0}
  m_PrefabAsset: {fileID: 0}
  m_GameObject: {fileID: 8733599272269838770}
  m_LocalRotation: {x: 0, y: 0, z: 0, w: 1}
  m_LocalPosition: {x: 385.03, y: 232.56183, z: -117.875}
  m_LocalScale: {x: 1, y: 1, z: 1}
  m_Children:
  - {fileID: 7803281639741007656}
  - {fileID: 890765021077075809}
  - {fileID: 1617066248467246118}
  - {fileID: 8963622116594031575}
  m_Father: {fileID: 0}
  m_RootOrder: 0
  m_LocalEulerAnglesHint: {x: 0, y: 0, z: 0}
--- !u!114 &384830426589760645
MonoBehaviour:
  m_ObjectHideFlags: 0
  m_CorrespondingSourceObject: {fileID: 0}
  m_PrefabInstance: {fileID: 0}
  m_PrefabAsset: {fileID: 0}
  m_GameObject: {fileID: 8733599272269838770}
  m_Enabled: 1
  m_EditorHideFlags: 0
  m_Script: {fileID: 11500000, guid: 41ca7b727a3c8f24aa6f6aa6d6077d73, type: 3}
  m_Name: 
  m_EditorClassIdentifier: 
  _PlayerNameUIPrefab: {fileID: 643803840799356961, guid: 9b596a1e96a67fe408b35a602916b8c8,
    type: 3}
  _PlayerScoreUIPrefab: {fileID: 2779595841481552179, guid: aeaca6cf0b5ea4343b8c1be3070463df,
    type: 3}
  _PlayerOptionsUIPrefab: {fileID: 4299268900777960414, guid: 8eec34f744ddf3e4a839c7b2096b7603,
    type: 3}
  _PlayerPowerUpUIPrefab: {fileID: 3484315214788831543, guid: eabc3b0c94e893c439ee72e916afe49a,
    type: 3}
--- !u!1001 &916011576613762186
PrefabInstance:
  m_ObjectHideFlags: 0
  serializedVersion: 2
  m_Modification:
    m_TransformParent: {fileID: 8733599272269838769}
    m_Modifications:
    - target: {fileID: 7748255362284273405, guid: 30fc2b66b8c7a474dac312bc040e340f,
        type: 3}
      propertyPath: m_Name
      value: PRE_PlayerOptionsUI
      objectReference: {fileID: 0}
    - target: {fileID: 66130941983130603, guid: 30fc2b66b8c7a474dac312bc040e340f,
        type: 3}
      propertyPath: m_LocalPosition.x
      value: 0
      objectReference: {fileID: 0}
    - target: {fileID: 66130941983130603, guid: 30fc2b66b8c7a474dac312bc040e340f,
        type: 3}
      propertyPath: m_LocalPosition.y
      value: 0
      objectReference: {fileID: 0}
    - target: {fileID: 66130941983130603, guid: 30fc2b66b8c7a474dac312bc040e340f,
        type: 3}
      propertyPath: m_LocalPosition.z
      value: 0
      objectReference: {fileID: 0}
    - target: {fileID: 66130941983130603, guid: 30fc2b66b8c7a474dac312bc040e340f,
        type: 3}
      propertyPath: m_LocalRotation.x
      value: 0
      objectReference: {fileID: 0}
    - target: {fileID: 66130941983130603, guid: 30fc2b66b8c7a474dac312bc040e340f,
        type: 3}
      propertyPath: m_LocalRotation.y
      value: 0
      objectReference: {fileID: 0}
    - target: {fileID: 66130941983130603, guid: 30fc2b66b8c7a474dac312bc040e340f,
        type: 3}
      propertyPath: m_LocalRotation.z
      value: 0
      objectReference: {fileID: 0}
    - target: {fileID: 66130941983130603, guid: 30fc2b66b8c7a474dac312bc040e340f,
        type: 3}
      propertyPath: m_LocalRotation.w
      value: 1
      objectReference: {fileID: 0}
    - target: {fileID: 66130941983130603, guid: 30fc2b66b8c7a474dac312bc040e340f,
        type: 3}
      propertyPath: m_RootOrder
      value: 1
      objectReference: {fileID: 0}
    - target: {fileID: 66130941983130603, guid: 30fc2b66b8c7a474dac312bc040e340f,
        type: 3}
      propertyPath: m_LocalEulerAnglesHint.x
      value: 0
      objectReference: {fileID: 0}
    - target: {fileID: 66130941983130603, guid: 30fc2b66b8c7a474dac312bc040e340f,
        type: 3}
      propertyPath: m_LocalEulerAnglesHint.y
      value: 0
      objectReference: {fileID: 0}
    - target: {fileID: 66130941983130603, guid: 30fc2b66b8c7a474dac312bc040e340f,
        type: 3}
      propertyPath: m_LocalEulerAnglesHint.z
      value: 0
      objectReference: {fileID: 0}
    - target: {fileID: 66130941983130603, guid: 30fc2b66b8c7a474dac312bc040e340f,
        type: 3}
      propertyPath: m_AnchoredPosition.x
      value: 0
      objectReference: {fileID: 0}
    - target: {fileID: 66130941983130603, guid: 30fc2b66b8c7a474dac312bc040e340f,
        type: 3}
      propertyPath: m_AnchoredPosition.y
      value: 0
      objectReference: {fileID: 0}
    - target: {fileID: 66130941983130603, guid: 30fc2b66b8c7a474dac312bc040e340f,
        type: 3}
      propertyPath: m_SizeDelta.x
      value: 0
      objectReference: {fileID: 0}
    - target: {fileID: 66130941983130603, guid: 30fc2b66b8c7a474dac312bc040e340f,
        type: 3}
      propertyPath: m_SizeDelta.y
      value: 0
      objectReference: {fileID: 0}
    - target: {fileID: 66130941983130603, guid: 30fc2b66b8c7a474dac312bc040e340f,
        type: 3}
      propertyPath: m_AnchorMin.x
      value: 0
      objectReference: {fileID: 0}
    - target: {fileID: 66130941983130603, guid: 30fc2b66b8c7a474dac312bc040e340f,
        type: 3}
      propertyPath: m_AnchorMin.y
      value: 0
      objectReference: {fileID: 0}
    - target: {fileID: 66130941983130603, guid: 30fc2b66b8c7a474dac312bc040e340f,
        type: 3}
      propertyPath: m_AnchorMax.x
      value: 1
      objectReference: {fileID: 0}
    - target: {fileID: 66130941983130603, guid: 30fc2b66b8c7a474dac312bc040e340f,
        type: 3}
      propertyPath: m_AnchorMax.y
      value: 1
      objectReference: {fileID: 0}
    - target: {fileID: 66130941983130603, guid: 30fc2b66b8c7a474dac312bc040e340f,
        type: 3}
      propertyPath: m_Pivot.x
      value: 0.5
      objectReference: {fileID: 0}
    - target: {fileID: 66130941983130603, guid: 30fc2b66b8c7a474dac312bc040e340f,
        type: 3}
      propertyPath: m_Pivot.y
      value: 0.5
      objectReference: {fileID: 0}
    - target: {fileID: 5658069319786093076, guid: 30fc2b66b8c7a474dac312bc040e340f,
        type: 3}
      propertyPath: m_AnchorMin.x
      value: 0
      objectReference: {fileID: 0}
    - target: {fileID: 5658069319786093076, guid: 30fc2b66b8c7a474dac312bc040e340f,
        type: 3}
      propertyPath: m_AnchorMax.x
      value: 0
      objectReference: {fileID: 0}
    - target: {fileID: 5658069319786093076, guid: 30fc2b66b8c7a474dac312bc040e340f,
        type: 3}
      propertyPath: m_AnchorMax.y
      value: 0
      objectReference: {fileID: 0}
    - target: {fileID: 7978555646747017637, guid: 30fc2b66b8c7a474dac312bc040e340f,
        type: 3}
      propertyPath: m_AnchorMax.x
      value: 0
      objectReference: {fileID: 0}
    - target: {fileID: 7978555646747017637, guid: 30fc2b66b8c7a474dac312bc040e340f,
        type: 3}
      propertyPath: m_AnchorMax.y
      value: 0
      objectReference: {fileID: 0}
    - target: {fileID: 6360678106866901966, guid: 30fc2b66b8c7a474dac312bc040e340f,
        type: 3}
      propertyPath: m_textInfo.characterCount
      value: 0
      objectReference: {fileID: 0}
    - target: {fileID: 6360678106866901966, guid: 30fc2b66b8c7a474dac312bc040e340f,
        type: 3}
      propertyPath: m_textInfo.wordCount
      value: 0
      objectReference: {fileID: 0}
    - target: {fileID: 6360678106866901966, guid: 30fc2b66b8c7a474dac312bc040e340f,
        type: 3}
      propertyPath: m_textInfo.lineCount
      value: 0
      objectReference: {fileID: 0}
    - target: {fileID: 6360678106866901966, guid: 30fc2b66b8c7a474dac312bc040e340f,
        type: 3}
      propertyPath: m_textInfo.pageCount
      value: 0
      objectReference: {fileID: 0}
    - target: {fileID: 8519981555864327544, guid: 30fc2b66b8c7a474dac312bc040e340f,
        type: 3}
      propertyPath: m_textInfo.characterCount
      value: 0
      objectReference: {fileID: 0}
    - target: {fileID: 8519981555864327544, guid: 30fc2b66b8c7a474dac312bc040e340f,
        type: 3}
      propertyPath: m_textInfo.spaceCount
      value: 0
      objectReference: {fileID: 0}
    - target: {fileID: 8519981555864327544, guid: 30fc2b66b8c7a474dac312bc040e340f,
        type: 3}
      propertyPath: m_textInfo.wordCount
      value: 0
      objectReference: {fileID: 0}
    - target: {fileID: 8519981555864327544, guid: 30fc2b66b8c7a474dac312bc040e340f,
        type: 3}
      propertyPath: m_textInfo.lineCount
      value: 0
      objectReference: {fileID: 0}
    - target: {fileID: 8519981555864327544, guid: 30fc2b66b8c7a474dac312bc040e340f,
        type: 3}
      propertyPath: m_textInfo.pageCount
      value: 0
      objectReference: {fileID: 0}
    - target: {fileID: 6940271344542707008, guid: 30fc2b66b8c7a474dac312bc040e340f,
        type: 3}
      propertyPath: m_textInfo.characterCount
      value: 0
      objectReference: {fileID: 0}
    - target: {fileID: 6940271344542707008, guid: 30fc2b66b8c7a474dac312bc040e340f,
        type: 3}
      propertyPath: m_textInfo.spaceCount
      value: 0
      objectReference: {fileID: 0}
    - target: {fileID: 6940271344542707008, guid: 30fc2b66b8c7a474dac312bc040e340f,
        type: 3}
      propertyPath: m_textInfo.wordCount
      value: 0
      objectReference: {fileID: 0}
    - target: {fileID: 6940271344542707008, guid: 30fc2b66b8c7a474dac312bc040e340f,
        type: 3}
      propertyPath: m_textInfo.lineCount
      value: 0
      objectReference: {fileID: 0}
    - target: {fileID: 6940271344542707008, guid: 30fc2b66b8c7a474dac312bc040e340f,
        type: 3}
      propertyPath: m_textInfo.pageCount
      value: 0
      objectReference: {fileID: 0}
    - target: {fileID: 7071522874555974930, guid: 30fc2b66b8c7a474dac312bc040e340f,
        type: 3}
      propertyPath: m_textInfo.characterCount
      value: 0
      objectReference: {fileID: 0}
    - target: {fileID: 7071522874555974930, guid: 30fc2b66b8c7a474dac312bc040e340f,
        type: 3}
      propertyPath: m_textInfo.wordCount
      value: 0
      objectReference: {fileID: 0}
    - target: {fileID: 7071522874555974930, guid: 30fc2b66b8c7a474dac312bc040e340f,
        type: 3}
      propertyPath: m_textInfo.lineCount
      value: 0
      objectReference: {fileID: 0}
    - target: {fileID: 7071522874555974930, guid: 30fc2b66b8c7a474dac312bc040e340f,
        type: 3}
      propertyPath: m_textInfo.pageCount
      value: 0
      objectReference: {fileID: 0}
    m_RemovedComponents: []
  m_SourcePrefab: {fileID: 100100000, guid: 30fc2b66b8c7a474dac312bc040e340f, type: 3}
--- !u!224 &890765021077075809 stripped
RectTransform:
  m_CorrespondingSourceObject: {fileID: 66130941983130603, guid: 30fc2b66b8c7a474dac312bc040e340f,
    type: 3}
  m_PrefabInstance: {fileID: 916011576613762186}
  m_PrefabAsset: {fileID: 0}
--- !u!1001 &1439435879746828721
PrefabInstance:
  m_ObjectHideFlags: 0
  serializedVersion: 2
  m_Modification:
    m_TransformParent: {fileID: 8733599272269838769}
    m_Modifications:
    - target: {fileID: 643803840799356961, guid: 9b596a1e96a67fe408b35a602916b8c8,
        type: 3}
      propertyPath: m_Name
      value: PRE_PlayerNameUI
      objectReference: {fileID: 0}
    - target: {fileID: 9201755641110453913, guid: 9b596a1e96a67fe408b35a602916b8c8,
        type: 3}
      propertyPath: m_LocalPosition.x
      value: 0
      objectReference: {fileID: 0}
    - target: {fileID: 9201755641110453913, guid: 9b596a1e96a67fe408b35a602916b8c8,
        type: 3}
      propertyPath: m_LocalPosition.y
      value: 0
      objectReference: {fileID: 0}
    - target: {fileID: 9201755641110453913, guid: 9b596a1e96a67fe408b35a602916b8c8,
        type: 3}
      propertyPath: m_LocalPosition.z
      value: 0
      objectReference: {fileID: 0}
    - target: {fileID: 9201755641110453913, guid: 9b596a1e96a67fe408b35a602916b8c8,
        type: 3}
      propertyPath: m_LocalRotation.x
      value: 0
      objectReference: {fileID: 0}
    - target: {fileID: 9201755641110453913, guid: 9b596a1e96a67fe408b35a602916b8c8,
        type: 3}
      propertyPath: m_LocalRotation.y
      value: 0
      objectReference: {fileID: 0}
    - target: {fileID: 9201755641110453913, guid: 9b596a1e96a67fe408b35a602916b8c8,
        type: 3}
      propertyPath: m_LocalRotation.z
      value: 0
      objectReference: {fileID: 0}
    - target: {fileID: 9201755641110453913, guid: 9b596a1e96a67fe408b35a602916b8c8,
        type: 3}
      propertyPath: m_LocalRotation.w
      value: 1
      objectReference: {fileID: 0}
    - target: {fileID: 9201755641110453913, guid: 9b596a1e96a67fe408b35a602916b8c8,
        type: 3}
      propertyPath: m_RootOrder
      value: 0
      objectReference: {fileID: 0}
    - target: {fileID: 9201755641110453913, guid: 9b596a1e96a67fe408b35a602916b8c8,
        type: 3}
      propertyPath: m_LocalEulerAnglesHint.x
      value: 0
      objectReference: {fileID: 0}
    - target: {fileID: 9201755641110453913, guid: 9b596a1e96a67fe408b35a602916b8c8,
        type: 3}
      propertyPath: m_LocalEulerAnglesHint.y
      value: 0
      objectReference: {fileID: 0}
    - target: {fileID: 9201755641110453913, guid: 9b596a1e96a67fe408b35a602916b8c8,
        type: 3}
      propertyPath: m_LocalEulerAnglesHint.z
      value: 0
      objectReference: {fileID: 0}
    - target: {fileID: 9201755641110453913, guid: 9b596a1e96a67fe408b35a602916b8c8,
        type: 3}
      propertyPath: m_AnchoredPosition.x
      value: 0
      objectReference: {fileID: 0}
    - target: {fileID: 9201755641110453913, guid: 9b596a1e96a67fe408b35a602916b8c8,
        type: 3}
      propertyPath: m_AnchoredPosition.y
      value: 0
      objectReference: {fileID: 0}
    - target: {fileID: 9201755641110453913, guid: 9b596a1e96a67fe408b35a602916b8c8,
        type: 3}
      propertyPath: m_SizeDelta.x
      value: 100
      objectReference: {fileID: 0}
    - target: {fileID: 9201755641110453913, guid: 9b596a1e96a67fe408b35a602916b8c8,
        type: 3}
      propertyPath: m_SizeDelta.y
      value: 100
      objectReference: {fileID: 0}
    - target: {fileID: 9201755641110453913, guid: 9b596a1e96a67fe408b35a602916b8c8,
        type: 3}
      propertyPath: m_AnchorMin.x
      value: 0.5
      objectReference: {fileID: 0}
    - target: {fileID: 9201755641110453913, guid: 9b596a1e96a67fe408b35a602916b8c8,
        type: 3}
      propertyPath: m_AnchorMin.y
      value: 0.5
      objectReference: {fileID: 0}
    - target: {fileID: 9201755641110453913, guid: 9b596a1e96a67fe408b35a602916b8c8,
        type: 3}
      propertyPath: m_AnchorMax.x
      value: 0.5
      objectReference: {fileID: 0}
    - target: {fileID: 9201755641110453913, guid: 9b596a1e96a67fe408b35a602916b8c8,
        type: 3}
      propertyPath: m_AnchorMax.y
      value: 0.5
      objectReference: {fileID: 0}
    - target: {fileID: 9201755641110453913, guid: 9b596a1e96a67fe408b35a602916b8c8,
        type: 3}
      propertyPath: m_Pivot.x
      value: 0.5
      objectReference: {fileID: 0}
    - target: {fileID: 9201755641110453913, guid: 9b596a1e96a67fe408b35a602916b8c8,
        type: 3}
      propertyPath: m_Pivot.y
      value: 0.5
      objectReference: {fileID: 0}
    - target: {fileID: 9141338800171860941, guid: 9b596a1e96a67fe408b35a602916b8c8,
        type: 3}
      propertyPath: m_textInfo.characterCount
      value: 0
      objectReference: {fileID: 0}
    - target: {fileID: 9141338800171860941, guid: 9b596a1e96a67fe408b35a602916b8c8,
        type: 3}
      propertyPath: m_textInfo.wordCount
      value: 0
      objectReference: {fileID: 0}
    - target: {fileID: 9141338800171860941, guid: 9b596a1e96a67fe408b35a602916b8c8,
        type: 3}
      propertyPath: m_textInfo.lineCount
      value: 0
      objectReference: {fileID: 0}
    - target: {fileID: 9141338800171860941, guid: 9b596a1e96a67fe408b35a602916b8c8,
        type: 3}
      propertyPath: m_textInfo.pageCount
      value: 0
      objectReference: {fileID: 0}
    m_RemovedComponents: []
  m_SourcePrefab: {fileID: 100100000, guid: 9b596a1e96a67fe408b35a602916b8c8, type: 3}
--- !u!224 &7803281639741007656 stripped
RectTransform:
  m_CorrespondingSourceObject: {fileID: 9201755641110453913, guid: 9b596a1e96a67fe408b35a602916b8c8,
    type: 3}
  m_PrefabInstance: {fileID: 1439435879746828721}
  m_PrefabAsset: {fileID: 0}
--- !u!1001 &2750079883246028048
PrefabInstance:
  m_ObjectHideFlags: 0
  serializedVersion: 2
  m_Modification:
    m_TransformParent: {fileID: 8733599272269838769}
    m_Modifications:
    - target: {fileID: 3484315214788831543, guid: eabc3b0c94e893c439ee72e916afe49a,
        type: 3}
      propertyPath: m_Name
      value: PRE_PlayerPowerUpUI
      objectReference: {fileID: 0}
    - target: {fileID: 3484315214788831542, guid: eabc3b0c94e893c439ee72e916afe49a,
        type: 3}
      propertyPath: m_LocalPosition.x
      value: 0
      objectReference: {fileID: 0}
    - target: {fileID: 3484315214788831542, guid: eabc3b0c94e893c439ee72e916afe49a,
        type: 3}
      propertyPath: m_LocalPosition.y
      value: 0
      objectReference: {fileID: 0}
    - target: {fileID: 3484315214788831542, guid: eabc3b0c94e893c439ee72e916afe49a,
        type: 3}
      propertyPath: m_LocalPosition.z
      value: 0
      objectReference: {fileID: 0}
    - target: {fileID: 3484315214788831542, guid: eabc3b0c94e893c439ee72e916afe49a,
        type: 3}
      propertyPath: m_LocalRotation.x
      value: 0
      objectReference: {fileID: 0}
    - target: {fileID: 3484315214788831542, guid: eabc3b0c94e893c439ee72e916afe49a,
        type: 3}
      propertyPath: m_LocalRotation.y
      value: 0
      objectReference: {fileID: 0}
    - target: {fileID: 3484315214788831542, guid: eabc3b0c94e893c439ee72e916afe49a,
        type: 3}
      propertyPath: m_LocalRotation.z
      value: 0
      objectReference: {fileID: 0}
    - target: {fileID: 3484315214788831542, guid: eabc3b0c94e893c439ee72e916afe49a,
        type: 3}
      propertyPath: m_LocalRotation.w
      value: 1
      objectReference: {fileID: 0}
    - target: {fileID: 3484315214788831542, guid: eabc3b0c94e893c439ee72e916afe49a,
        type: 3}
      propertyPath: m_RootOrder
      value: 2
      objectReference: {fileID: 0}
    - target: {fileID: 3484315214788831542, guid: eabc3b0c94e893c439ee72e916afe49a,
        type: 3}
      propertyPath: m_LocalEulerAnglesHint.x
      value: 0
      objectReference: {fileID: 0}
    - target: {fileID: 3484315214788831542, guid: eabc3b0c94e893c439ee72e916afe49a,
        type: 3}
      propertyPath: m_LocalEulerAnglesHint.y
      value: 0
      objectReference: {fileID: 0}
    - target: {fileID: 3484315214788831542, guid: eabc3b0c94e893c439ee72e916afe49a,
        type: 3}
      propertyPath: m_LocalEulerAnglesHint.z
      value: 0
      objectReference: {fileID: 0}
    - target: {fileID: 3484315214788831542, guid: eabc3b0c94e893c439ee72e916afe49a,
        type: 3}
      propertyPath: m_AnchoredPosition.x
      value: 0
      objectReference: {fileID: 0}
    - target: {fileID: 3484315214788831542, guid: eabc3b0c94e893c439ee72e916afe49a,
        type: 3}
      propertyPath: m_AnchoredPosition.y
      value: 0
      objectReference: {fileID: 0}
    - target: {fileID: 3484315214788831542, guid: eabc3b0c94e893c439ee72e916afe49a,
        type: 3}
      propertyPath: m_SizeDelta.x
      value: 0
      objectReference: {fileID: 0}
    - target: {fileID: 3484315214788831542, guid: eabc3b0c94e893c439ee72e916afe49a,
        type: 3}
      propertyPath: m_SizeDelta.y
      value: 0
      objectReference: {fileID: 0}
    - target: {fileID: 3484315214788831542, guid: eabc3b0c94e893c439ee72e916afe49a,
        type: 3}
      propertyPath: m_AnchorMin.x
      value: 0
      objectReference: {fileID: 0}
    - target: {fileID: 3484315214788831542, guid: eabc3b0c94e893c439ee72e916afe49a,
        type: 3}
      propertyPath: m_AnchorMin.y
      value: 0
      objectReference: {fileID: 0}
    - target: {fileID: 3484315214788831542, guid: eabc3b0c94e893c439ee72e916afe49a,
        type: 3}
      propertyPath: m_AnchorMax.x
      value: 1
      objectReference: {fileID: 0}
    - target: {fileID: 3484315214788831542, guid: eabc3b0c94e893c439ee72e916afe49a,
        type: 3}
      propertyPath: m_AnchorMax.y
      value: 1
      objectReference: {fileID: 0}
    - target: {fileID: 3484315214788831542, guid: eabc3b0c94e893c439ee72e916afe49a,
        type: 3}
      propertyPath: m_Pivot.x
      value: 0.5
      objectReference: {fileID: 0}
    - target: {fileID: 3484315214788831542, guid: eabc3b0c94e893c439ee72e916afe49a,
        type: 3}
      propertyPath: m_Pivot.y
      value: 0.5
      objectReference: {fileID: 0}
    m_RemovedComponents: []
  m_SourcePrefab: {fileID: 100100000, guid: eabc3b0c94e893c439ee72e916afe49a, type: 3}
--- !u!224 &1617066248467246118 stripped
RectTransform:
  m_CorrespondingSourceObject: {fileID: 3484315214788831542, guid: eabc3b0c94e893c439ee72e916afe49a,
    type: 3}
  m_PrefabInstance: {fileID: 2750079883246028048}
  m_PrefabAsset: {fileID: 0}
--- !u!1001 &7982304425568268259
PrefabInstance:
  m_ObjectHideFlags: 0
  serializedVersion: 2
  m_Modification:
    m_TransformParent: {fileID: 8733599272269838769}
    m_Modifications:
    - target: {fileID: 1718130548825283864, guid: eb73f87c25001d64a95b87188060ff19,
        type: 3}
      propertyPath: m_Name
      value: PRE_PlayerScoreUI
      objectReference: {fileID: 0}
    - target: {fileID: 1343191200972829748, guid: eb73f87c25001d64a95b87188060ff19,
        type: 3}
      propertyPath: m_LocalPosition.x
      value: 0
      objectReference: {fileID: 0}
    - target: {fileID: 1343191200972829748, guid: eb73f87c25001d64a95b87188060ff19,
        type: 3}
      propertyPath: m_LocalPosition.y
      value: 0
      objectReference: {fileID: 0}
    - target: {fileID: 1343191200972829748, guid: eb73f87c25001d64a95b87188060ff19,
        type: 3}
      propertyPath: m_LocalPosition.z
      value: 0
      objectReference: {fileID: 0}
    - target: {fileID: 1343191200972829748, guid: eb73f87c25001d64a95b87188060ff19,
        type: 3}
      propertyPath: m_LocalRotation.x
      value: 0
      objectReference: {fileID: 0}
    - target: {fileID: 1343191200972829748, guid: eb73f87c25001d64a95b87188060ff19,
        type: 3}
      propertyPath: m_LocalRotation.y
      value: 0
      objectReference: {fileID: 0}
    - target: {fileID: 1343191200972829748, guid: eb73f87c25001d64a95b87188060ff19,
        type: 3}
      propertyPath: m_LocalRotation.z
      value: 0
      objectReference: {fileID: 0}
    - target: {fileID: 1343191200972829748, guid: eb73f87c25001d64a95b87188060ff19,
        type: 3}
      propertyPath: m_LocalRotation.w
      value: 1
      objectReference: {fileID: 0}
    - target: {fileID: 1343191200972829748, guid: eb73f87c25001d64a95b87188060ff19,
        type: 3}
      propertyPath: m_RootOrder
      value: 3
      objectReference: {fileID: 0}
    - target: {fileID: 1343191200972829748, guid: eb73f87c25001d64a95b87188060ff19,
        type: 3}
      propertyPath: m_LocalEulerAnglesHint.x
      value: 0
      objectReference: {fileID: 0}
    - target: {fileID: 1343191200972829748, guid: eb73f87c25001d64a95b87188060ff19,
        type: 3}
      propertyPath: m_LocalEulerAnglesHint.y
      value: 0
      objectReference: {fileID: 0}
    - target: {fileID: 1343191200972829748, guid: eb73f87c25001d64a95b87188060ff19,
        type: 3}
      propertyPath: m_LocalEulerAnglesHint.z
      value: 0
      objectReference: {fileID: 0}
    - target: {fileID: 1343191200972829748, guid: eb73f87c25001d64a95b87188060ff19,
        type: 3}
      propertyPath: m_AnchoredPosition.x
      value: 0
      objectReference: {fileID: 0}
    - target: {fileID: 1343191200972829748, guid: eb73f87c25001d64a95b87188060ff19,
        type: 3}
      propertyPath: m_AnchoredPosition.y
      value: 0
      objectReference: {fileID: 0}
    - target: {fileID: 1343191200972829748, guid: eb73f87c25001d64a95b87188060ff19,
        type: 3}
      propertyPath: m_SizeDelta.x
      value: 0
      objectReference: {fileID: 0}
    - target: {fileID: 1343191200972829748, guid: eb73f87c25001d64a95b87188060ff19,
        type: 3}
      propertyPath: m_SizeDelta.y
      value: 0
      objectReference: {fileID: 0}
    - target: {fileID: 1343191200972829748, guid: eb73f87c25001d64a95b87188060ff19,
        type: 3}
      propertyPath: m_AnchorMin.x
      value: 0
      objectReference: {fileID: 0}
    - target: {fileID: 1343191200972829748, guid: eb73f87c25001d64a95b87188060ff19,
        type: 3}
      propertyPath: m_AnchorMin.y
      value: 0
      objectReference: {fileID: 0}
    - target: {fileID: 1343191200972829748, guid: eb73f87c25001d64a95b87188060ff19,
        type: 3}
      propertyPath: m_AnchorMax.x
      value: 1
      objectReference: {fileID: 0}
    - target: {fileID: 1343191200972829748, guid: eb73f87c25001d64a95b87188060ff19,
        type: 3}
      propertyPath: m_AnchorMax.y
      value: 1
      objectReference: {fileID: 0}
    - target: {fileID: 1343191200972829748, guid: eb73f87c25001d64a95b87188060ff19,
        type: 3}
      propertyPath: m_Pivot.x
      value: 0.5
      objectReference: {fileID: 0}
    - target: {fileID: 1343191200972829748, guid: eb73f87c25001d64a95b87188060ff19,
        type: 3}
      propertyPath: m_Pivot.y
      value: 0.5
      objectReference: {fileID: 0}
    - target: {fileID: 7580667838804494598, guid: eb73f87c25001d64a95b87188060ff19,
        type: 3}
      propertyPath: m_textInfo.characterCount
      value: 0
      objectReference: {fileID: 0}
    - target: {fileID: 7580667838804494598, guid: eb73f87c25001d64a95b87188060ff19,
        type: 3}
      propertyPath: m_textInfo.wordCount
      value: 0
      objectReference: {fileID: 0}
    - target: {fileID: 7580667838804494598, guid: eb73f87c25001d64a95b87188060ff19,
        type: 3}
      propertyPath: m_textInfo.lineCount
      value: 0
      objectReference: {fileID: 0}
    - target: {fileID: 7580667838804494598, guid: eb73f87c25001d64a95b87188060ff19,
        type: 3}
      propertyPath: m_textInfo.pageCount
      value: 0
      objectReference: {fileID: 0}
    m_RemovedComponents: []
  m_SourcePrefab: {fileID: 100100000, guid: eb73f87c25001d64a95b87188060ff19, type: 3}
--- !u!224 &8963622116594031575 stripped
RectTransform:
  m_CorrespondingSourceObject: {fileID: 1343191200972829748, guid: eb73f87c25001d64a95b87188060ff19,
    type: 3}
  m_PrefabInstance: {fileID: 7982304425568268259}
  m_PrefabAsset: {fileID: 0}
