%YAML 1.1
%TAG !u! tag:unity3d.com,2011:
--- !u!1 &4469352557657984923
GameObject:
  m_ObjectHideFlags: 0
  m_CorrespondingSourceObject: {fileID: 0}
  m_PrefabInstance: {fileID: 0}
  m_PrefabAsset: {fileID: 0}
  serializedVersion: 6
  m_Component:
  - component: {fileID: 3754301878833115319}
  m_Layer: 0
  m_Name: PRE_NitrousPickups
  m_TagString: Untagged
  m_Icon: {fileID: 0}
  m_NavMeshLayer: 0
  m_StaticEditorFlags: 0
  m_IsActive: 1
--- !u!4 &3754301878833115319
Transform:
  m_ObjectHideFlags: 0
  m_CorrespondingSourceObject: {fileID: 0}
  m_PrefabInstance: {fileID: 0}
  m_PrefabAsset: {fileID: 0}
  m_GameObject: {fileID: 4469352557657984923}
  m_LocalRotation: {x: 0, y: 0, z: 0, w: 1}
  m_LocalPosition: {x: 0, y: 0, z: 0}
  m_LocalScale: {x: 1, y: 1, z: 1}
  m_Children:
  - {fileID: 829995138357776766}
  - {fileID: 3914327376757601442}
  - {fileID: 3914327376658291297}
  m_Father: {fileID: 0}
  m_RootOrder: 0
  m_LocalEulerAnglesHint: {x: 0, y: 0, z: 0}
--- !u!1001 &4853081536085873870
PrefabInstance:
  m_ObjectHideFlags: 0
  serializedVersion: 2
  m_Modification:
    m_TransformParent: {fileID: 3754301878833115319}
    m_Modifications:
    - target: {fileID: 8808386955438916944, guid: 36d55633600f0db48955b59886790fec,
        type: 3}
      propertyPath: m_Name
      value: PRE_NitrousPickup (1)
      objectReference: {fileID: 0}
    - target: {fileID: 8434089759560622188, guid: 36d55633600f0db48955b59886790fec,
        type: 3}
      propertyPath: m_LocalPosition.x
      value: 0
      objectReference: {fileID: 0}
    - target: {fileID: 8434089759560622188, guid: 36d55633600f0db48955b59886790fec,
        type: 3}
      propertyPath: m_LocalPosition.y
      value: 0
      objectReference: {fileID: 0}
    - target: {fileID: 8434089759560622188, guid: 36d55633600f0db48955b59886790fec,
        type: 3}
      propertyPath: m_LocalPosition.z
      value: -14
      objectReference: {fileID: 0}
    - target: {fileID: 8434089759560622188, guid: 36d55633600f0db48955b59886790fec,
        type: 3}
      propertyPath: m_LocalRotation.x
      value: 0.05649464
      objectReference: {fileID: 0}
    - target: {fileID: 8434089759560622188, guid: 36d55633600f0db48955b59886790fec,
        type: 3}
      propertyPath: m_LocalRotation.y
      value: 0.35256708
      objectReference: {fileID: 0}
    - target: {fileID: 8434089759560622188, guid: 36d55633600f0db48955b59886790fec,
        type: 3}
      propertyPath: m_LocalRotation.z
      value: 0.14778972
      objectReference: {fileID: 0}
    - target: {fileID: 8434089759560622188, guid: 36d55633600f0db48955b59886790fec,
        type: 3}
      propertyPath: m_LocalRotation.w
      value: 0.922314
      objectReference: {fileID: 0}
    - target: {fileID: 8434089759560622188, guid: 36d55633600f0db48955b59886790fec,
        type: 3}
      propertyPath: m_RootOrder
      value: 1
      objectReference: {fileID: 0}
    - target: {fileID: 8434089759560622188, guid: 36d55633600f0db48955b59886790fec,
        type: 3}
      propertyPath: m_LocalEulerAnglesHint.x
      value: 0
      objectReference: {fileID: 0}
    - target: {fileID: 8434089759560622188, guid: 36d55633600f0db48955b59886790fec,
        type: 3}
      propertyPath: m_LocalEulerAnglesHint.y
      value: 41.84
      objectReference: {fileID: 0}
    - target: {fileID: 8434089759560622188, guid: 36d55633600f0db48955b59886790fec,
        type: 3}
      propertyPath: m_LocalEulerAnglesHint.z
      value: 18.207
      objectReference: {fileID: 0}
    - target: {fileID: 3873058436075591919, guid: 36d55633600f0db48955b59886790fec,
        type: 3}
      propertyPath: m_Materials.Array.data[0]
      value: 
      objectReference: {fileID: 0}
    m_RemovedComponents: []
  m_SourcePrefab: {fileID: 100100000, guid: 36d55633600f0db48955b59886790fec, type: 3}
--- !u!4 &3914327376757601442 stripped
Transform:
  m_CorrespondingSourceObject: {fileID: 8434089759560622188, guid: 36d55633600f0db48955b59886790fec,
    type: 3}
  m_PrefabInstance: {fileID: 4853081536085873870}
  m_PrefabAsset: {fileID: 0}
--- !u!1001 &4853081536315210253
PrefabInstance:
  m_ObjectHideFlags: 0
  serializedVersion: 2
  m_Modification:
    m_TransformParent: {fileID: 3754301878833115319}
    m_Modifications:
    - target: {fileID: 8808386955438916944, guid: 36d55633600f0db48955b59886790fec,
        type: 3}
      propertyPath: m_Name
      value: PRE_NitrousPickup (2)
      objectReference: {fileID: 0}
    - target: {fileID: 8434089759560622188, guid: 36d55633600f0db48955b59886790fec,
        type: 3}
      propertyPath: m_LocalPosition.x
      value: 0
      objectReference: {fileID: 0}
    - target: {fileID: 8434089759560622188, guid: 36d55633600f0db48955b59886790fec,
        type: 3}
      propertyPath: m_LocalPosition.y
      value: 0
      objectReference: {fileID: 0}
    - target: {fileID: 8434089759560622188, guid: 36d55633600f0db48955b59886790fec,
        type: 3}
      propertyPath: m_LocalPosition.z
      value: 14
      objectReference: {fileID: 0}
    - target: {fileID: 8434089759560622188, guid: 36d55633600f0db48955b59886790fec,
        type: 3}
      propertyPath: m_LocalRotation.x
      value: 0.05649464
      objectReference: {fileID: 0}
    - target: {fileID: 8434089759560622188, guid: 36d55633600f0db48955b59886790fec,
        type: 3}
      propertyPath: m_LocalRotation.y
      value: 0.35256708
      objectReference: {fileID: 0}
    - target: {fileID: 8434089759560622188, guid: 36d55633600f0db48955b59886790fec,
        type: 3}
      propertyPath: m_LocalRotation.z
      value: 0.14778972
      objectReference: {fileID: 0}
    - target: {fileID: 8434089759560622188, guid: 36d55633600f0db48955b59886790fec,
        type: 3}
      propertyPath: m_LocalRotation.w
      value: 0.922314
      objectReference: {fileID: 0}
    - target: {fileID: 8434089759560622188, guid: 36d55633600f0db48955b59886790fec,
        type: 3}
      propertyPath: m_RootOrder
      value: 2
      objectReference: {fileID: 0}
    - target: {fileID: 8434089759560622188, guid: 36d55633600f0db48955b59886790fec,
        type: 3}
      propertyPath: m_LocalEulerAnglesHint.x
      value: 0
      objectReference: {fileID: 0}
    - target: {fileID: 8434089759560622188, guid: 36d55633600f0db48955b59886790fec,
        type: 3}
      propertyPath: m_LocalEulerAnglesHint.y
      value: 41.84
      objectReference: {fileID: 0}
    - target: {fileID: 8434089759560622188, guid: 36d55633600f0db48955b59886790fec,
        type: 3}
      propertyPath: m_LocalEulerAnglesHint.z
      value: 18.207
      objectReference: {fileID: 0}
    - target: {fileID: 3873058436075591919, guid: 36d55633600f0db48955b59886790fec,
        type: 3}
      propertyPath: m_Materials.Array.data[0]
      value: 
      objectReference: {fileID: 0}
    m_RemovedComponents: []
  m_SourcePrefab: {fileID: 100100000, guid: 36d55633600f0db48955b59886790fec, type: 3}
--- !u!4 &3914327376658291297 stripped
Transform:
  m_CorrespondingSourceObject: {fileID: 8434089759560622188, guid: 36d55633600f0db48955b59886790fec,
    type: 3}
  m_PrefabInstance: {fileID: 4853081536315210253}
  m_PrefabAsset: {fileID: 0}
--- !u!1001 &9119608775484059922
PrefabInstance:
  m_ObjectHideFlags: 0
  serializedVersion: 2
  m_Modification:
    m_TransformParent: {fileID: 3754301878833115319}
    m_Modifications:
    - target: {fileID: 8808386955438916944, guid: 36d55633600f0db48955b59886790fec,
        type: 3}
      propertyPath: m_Name
      value: PRE_NitrousPickup
      objectReference: {fileID: 0}
    - target: {fileID: 8434089759560622188, guid: 36d55633600f0db48955b59886790fec,
        type: 3}
      propertyPath: m_LocalPosition.x
      value: 0
      objectReference: {fileID: 0}
    - target: {fileID: 8434089759560622188, guid: 36d55633600f0db48955b59886790fec,
        type: 3}
      propertyPath: m_LocalPosition.y
      value: 0
      objectReference: {fileID: 0}
    - target: {fileID: 8434089759560622188, guid: 36d55633600f0db48955b59886790fec,
        type: 3}
      propertyPath: m_LocalPosition.z
      value: 0
      objectReference: {fileID: 0}
    - target: {fileID: 8434089759560622188, guid: 36d55633600f0db48955b59886790fec,
        type: 3}
      propertyPath: m_LocalRotation.x
      value: 0.05649464
      objectReference: {fileID: 0}
    - target: {fileID: 8434089759560622188, guid: 36d55633600f0db48955b59886790fec,
        type: 3}
      propertyPath: m_LocalRotation.y
      value: 0.35256708
      objectReference: {fileID: 0}
    - target: {fileID: 8434089759560622188, guid: 36d55633600f0db48955b59886790fec,
        type: 3}
      propertyPath: m_LocalRotation.z
      value: 0.14778972
      objectReference: {fileID: 0}
    - target: {fileID: 8434089759560622188, guid: 36d55633600f0db48955b59886790fec,
        type: 3}
      propertyPath: m_LocalRotation.w
      value: 0.922314
      objectReference: {fileID: 0}
    - target: {fileID: 8434089759560622188, guid: 36d55633600f0db48955b59886790fec,
        type: 3}
      propertyPath: m_RootOrder
      value: 0
      objectReference: {fileID: 0}
    - target: {fileID: 8434089759560622188, guid: 36d55633600f0db48955b59886790fec,
        type: 3}
      propertyPath: m_LocalEulerAnglesHint.x
      value: 0
      objectReference: {fileID: 0}
    - target: {fileID: 8434089759560622188, guid: 36d55633600f0db48955b59886790fec,
        type: 3}
      propertyPath: m_LocalEulerAnglesHint.y
      value: 41.84
      objectReference: {fileID: 0}
    - target: {fileID: 8434089759560622188, guid: 36d55633600f0db48955b59886790fec,
        type: 3}
      propertyPath: m_LocalEulerAnglesHint.z
      value: 18.207
      objectReference: {fileID: 0}
    - target: {fileID: 3873058436075591919, guid: 36d55633600f0db48955b59886790fec,
        type: 3}
      propertyPath: m_Materials.Array.data[0]
      value: 
      objectReference: {fileID: 0}
    m_RemovedComponents: []
  m_SourcePrefab: {fileID: 100100000, guid: 36d55633600f0db48955b59886790fec, type: 3}
--- !u!4 &829995138357776766 stripped
Transform:
  m_CorrespondingSourceObject: {fileID: 8434089759560622188, guid: 36d55633600f0db48955b59886790fec,
    type: 3}
  m_PrefabInstance: {fileID: 9119608775484059922}
  m_PrefabAsset: {fileID: 0}
