%YAML 1.1
%TAG !u! tag:unity3d.com,2011:
--- !u!1 &8554476298994401327
GameObject:
  m_ObjectHideFlags: 0
  m_CorrespondingSourceObject: {fileID: 0}
  m_PrefabInstance: {fileID: 0}
  m_PrefabAsset: {fileID: 0}
  serializedVersion: 6
  m_Component:
  - component: {fileID: 8853351031371731794}
  m_Layer: 0
  m_Name: PRE_PickUpPowerUp3Drones
  m_TagString: Untagged
  m_Icon: {fileID: 0}
  m_NavMeshLayer: 0
  m_StaticEditorFlags: 0
  m_IsActive: 1
--- !u!4 &8853351031371731794
Transform:
  m_ObjectHideFlags: 0
  m_CorrespondingSourceObject: {fileID: 0}
  m_PrefabInstance: {fileID: 0}
  m_PrefabAsset: {fileID: 0}
  m_GameObject: {fileID: 8554476298994401327}
  m_LocalRotation: {x: 0, y: 0, z: 0, w: 1}
  m_LocalPosition: {x: 0, y: 0, z: 0}
  m_LocalScale: {x: 1, y: 1, z: 1}
  m_Children:
  - {fileID: 5689317852049311501}
  - {fileID: 5689317851333329766}
  - {fileID: 5689317851151768426}
  m_Father: {fileID: 0}
  m_RootOrder: 0
  m_LocalEulerAnglesHint: {x: 0, y: 0, z: 0}
--- !u!1001 &8127939707081875752
PrefabInstance:
  m_ObjectHideFlags: 0
  serializedVersion: 2
  m_Modification:
    m_TransformParent: {fileID: 8853351031371731794}
    m_Modifications:
    - target: {fileID: 9201651005023944188, guid: 28bdeada6f2d8af42b9fc93fc395278e,
        type: 3}
      propertyPath: m_Name
      value: PRE_PickUpPowerUp (2)
      objectReference: {fileID: 0}
    - target: {fileID: 4483538387711097410, guid: 28bdeada6f2d8af42b9fc93fc395278e,
        type: 3}
      propertyPath: m_LocalPosition.x
      value: -15
      objectReference: {fileID: 0}
    - target: {fileID: 4483538387711097410, guid: 28bdeada6f2d8af42b9fc93fc395278e,
        type: 3}
      propertyPath: m_LocalPosition.y
      value: 0
      objectReference: {fileID: 0}
    - target: {fileID: 4483538387711097410, guid: 28bdeada6f2d8af42b9fc93fc395278e,
        type: 3}
      propertyPath: m_LocalPosition.z
      value: 0
      objectReference: {fileID: 0}
    - target: {fileID: 4483538387711097410, guid: 28bdeada6f2d8af42b9fc93fc395278e,
        type: 3}
      propertyPath: m_LocalRotation.x
      value: 0
      objectReference: {fileID: 0}
    - target: {fileID: 4483538387711097410, guid: 28bdeada6f2d8af42b9fc93fc395278e,
        type: 3}
      propertyPath: m_LocalRotation.y
      value: 0
      objectReference: {fileID: 0}
    - target: {fileID: 4483538387711097410, guid: 28bdeada6f2d8af42b9fc93fc395278e,
        type: 3}
      propertyPath: m_LocalRotation.z
      value: 0
      objectReference: {fileID: 0}
    - target: {fileID: 4483538387711097410, guid: 28bdeada6f2d8af42b9fc93fc395278e,
        type: 3}
      propertyPath: m_LocalRotation.w
      value: 1
      objectReference: {fileID: 0}
    - target: {fileID: 4483538387711097410, guid: 28bdeada6f2d8af42b9fc93fc395278e,
        type: 3}
      propertyPath: m_RootOrder
      value: 2
      objectReference: {fileID: 0}
    - target: {fileID: 4483538387711097410, guid: 28bdeada6f2d8af42b9fc93fc395278e,
        type: 3}
      propertyPath: m_LocalEulerAnglesHint.x
      value: 0
      objectReference: {fileID: 0}
    - target: {fileID: 4483538387711097410, guid: 28bdeada6f2d8af42b9fc93fc395278e,
        type: 3}
      propertyPath: m_LocalEulerAnglesHint.y
      value: 0
      objectReference: {fileID: 0}
    - target: {fileID: 4483538387711097410, guid: 28bdeada6f2d8af42b9fc93fc395278e,
        type: 3}
      propertyPath: m_LocalEulerAnglesHint.z
      value: 0
      objectReference: {fileID: 0}
    - target: {fileID: 4483538387711097410, guid: 28bdeada6f2d8af42b9fc93fc395278e,
        type: 3}
      propertyPath: m_LocalScale.x
      value: 2.5
      objectReference: {fileID: 0}
    - target: {fileID: 4483538387711097410, guid: 28bdeada6f2d8af42b9fc93fc395278e,
        type: 3}
      propertyPath: m_LocalScale.y
      value: 2.5
      objectReference: {fileID: 0}
    - target: {fileID: 4483538387711097410, guid: 28bdeada6f2d8af42b9fc93fc395278e,
        type: 3}
      propertyPath: m_LocalScale.z
      value: 2.5
      objectReference: {fileID: 0}
    m_RemovedComponents: []
  m_SourcePrefab: {fileID: 100100000, guid: 28bdeada6f2d8af42b9fc93fc395278e, type: 3}
--- !u!4 &5689317851151768426 stripped
Transform:
  m_CorrespondingSourceObject: {fileID: 4483538387711097410, guid: 28bdeada6f2d8af42b9fc93fc395278e,
    type: 3}
  m_PrefabInstance: {fileID: 8127939707081875752}
  m_PrefabAsset: {fileID: 0}
--- !u!1001 &8127939708247932239
PrefabInstance:
  m_ObjectHideFlags: 0
  serializedVersion: 2
  m_Modification:
    m_TransformParent: {fileID: 8853351031371731794}
    m_Modifications:
    - target: {fileID: 9201651005023944188, guid: 28bdeada6f2d8af42b9fc93fc395278e,
        type: 3}
      propertyPath: m_Name
      value: PRE_PickUpPowerUp
      objectReference: {fileID: 0}
    - target: {fileID: 4483538387711097410, guid: 28bdeada6f2d8af42b9fc93fc395278e,
        type: 3}
      propertyPath: m_LocalPosition.x
      value: 15
      objectReference: {fileID: 0}
    - target: {fileID: 4483538387711097410, guid: 28bdeada6f2d8af42b9fc93fc395278e,
        type: 3}
      propertyPath: m_LocalPosition.y
      value: 0
      objectReference: {fileID: 0}
    - target: {fileID: 4483538387711097410, guid: 28bdeada6f2d8af42b9fc93fc395278e,
        type: 3}
      propertyPath: m_LocalPosition.z
      value: 0
      objectReference: {fileID: 0}
    - target: {fileID: 4483538387711097410, guid: 28bdeada6f2d8af42b9fc93fc395278e,
        type: 3}
      propertyPath: m_LocalRotation.x
      value: 0
      objectReference: {fileID: 0}
    - target: {fileID: 4483538387711097410, guid: 28bdeada6f2d8af42b9fc93fc395278e,
        type: 3}
      propertyPath: m_LocalRotation.y
      value: 0
      objectReference: {fileID: 0}
    - target: {fileID: 4483538387711097410, guid: 28bdeada6f2d8af42b9fc93fc395278e,
        type: 3}
      propertyPath: m_LocalRotation.z
      value: 0
      objectReference: {fileID: 0}
    - target: {fileID: 4483538387711097410, guid: 28bdeada6f2d8af42b9fc93fc395278e,
        type: 3}
      propertyPath: m_LocalRotation.w
      value: 1
      objectReference: {fileID: 0}
    - target: {fileID: 4483538387711097410, guid: 28bdeada6f2d8af42b9fc93fc395278e,
        type: 3}
      propertyPath: m_RootOrder
      value: 0
      objectReference: {fileID: 0}
    - target: {fileID: 4483538387711097410, guid: 28bdeada6f2d8af42b9fc93fc395278e,
        type: 3}
      propertyPath: m_LocalEulerAnglesHint.x
      value: 0
      objectReference: {fileID: 0}
    - target: {fileID: 4483538387711097410, guid: 28bdeada6f2d8af42b9fc93fc395278e,
        type: 3}
      propertyPath: m_LocalEulerAnglesHint.y
      value: 0
      objectReference: {fileID: 0}
    - target: {fileID: 4483538387711097410, guid: 28bdeada6f2d8af42b9fc93fc395278e,
        type: 3}
      propertyPath: m_LocalEulerAnglesHint.z
      value: 0
      objectReference: {fileID: 0}
    - target: {fileID: 4483538387711097410, guid: 28bdeada6f2d8af42b9fc93fc395278e,
        type: 3}
      propertyPath: m_LocalScale.x
      value: 2.5
      objectReference: {fileID: 0}
    - target: {fileID: 4483538387711097410, guid: 28bdeada6f2d8af42b9fc93fc395278e,
        type: 3}
      propertyPath: m_LocalScale.y
      value: 2.5
      objectReference: {fileID: 0}
    - target: {fileID: 4483538387711097410, guid: 28bdeada6f2d8af42b9fc93fc395278e,
        type: 3}
      propertyPath: m_LocalScale.z
      value: 2.5
      objectReference: {fileID: 0}
    m_RemovedComponents: []
  m_SourcePrefab: {fileID: 100100000, guid: 28bdeada6f2d8af42b9fc93fc395278e, type: 3}
--- !u!4 &5689317852049311501 stripped
Transform:
  m_CorrespondingSourceObject: {fileID: 4483538387711097410, guid: 28bdeada6f2d8af42b9fc93fc395278e,
    type: 3}
  m_PrefabInstance: {fileID: 8127939708247932239}
  m_PrefabAsset: {fileID: 0}
--- !u!1001 &8127939708607789348
PrefabInstance:
  m_ObjectHideFlags: 0
  serializedVersion: 2
  m_Modification:
    m_TransformParent: {fileID: 8853351031371731794}
    m_Modifications:
    - target: {fileID: 9201651005023944188, guid: 28bdeada6f2d8af42b9fc93fc395278e,
        type: 3}
      propertyPath: m_Name
      value: PRE_PickUpPowerUp (1)
      objectReference: {fileID: 0}
    - target: {fileID: 4483538387711097410, guid: 28bdeada6f2d8af42b9fc93fc395278e,
        type: 3}
      propertyPath: m_LocalPosition.x
      value: 0
      objectReference: {fileID: 0}
    - target: {fileID: 4483538387711097410, guid: 28bdeada6f2d8af42b9fc93fc395278e,
        type: 3}
      propertyPath: m_LocalPosition.y
      value: 0
      objectReference: {fileID: 0}
    - target: {fileID: 4483538387711097410, guid: 28bdeada6f2d8af42b9fc93fc395278e,
        type: 3}
      propertyPath: m_LocalPosition.z
      value: 0
      objectReference: {fileID: 0}
    - target: {fileID: 4483538387711097410, guid: 28bdeada6f2d8af42b9fc93fc395278e,
        type: 3}
      propertyPath: m_LocalRotation.x
      value: 0
      objectReference: {fileID: 0}
    - target: {fileID: 4483538387711097410, guid: 28bdeada6f2d8af42b9fc93fc395278e,
        type: 3}
      propertyPath: m_LocalRotation.y
      value: 0
      objectReference: {fileID: 0}
    - target: {fileID: 4483538387711097410, guid: 28bdeada6f2d8af42b9fc93fc395278e,
        type: 3}
      propertyPath: m_LocalRotation.z
      value: 0
      objectReference: {fileID: 0}
    - target: {fileID: 4483538387711097410, guid: 28bdeada6f2d8af42b9fc93fc395278e,
        type: 3}
      propertyPath: m_LocalRotation.w
      value: 1
      objectReference: {fileID: 0}
    - target: {fileID: 4483538387711097410, guid: 28bdeada6f2d8af42b9fc93fc395278e,
        type: 3}
      propertyPath: m_RootOrder
      value: 1
      objectReference: {fileID: 0}
    - target: {fileID: 4483538387711097410, guid: 28bdeada6f2d8af42b9fc93fc395278e,
        type: 3}
      propertyPath: m_LocalEulerAnglesHint.x
      value: 0
      objectReference: {fileID: 0}
    - target: {fileID: 4483538387711097410, guid: 28bdeada6f2d8af42b9fc93fc395278e,
        type: 3}
      propertyPath: m_LocalEulerAnglesHint.y
      value: 0
      objectReference: {fileID: 0}
    - target: {fileID: 4483538387711097410, guid: 28bdeada6f2d8af42b9fc93fc395278e,
        type: 3}
      propertyPath: m_LocalEulerAnglesHint.z
      value: 0
      objectReference: {fileID: 0}
    - target: {fileID: 4483538387711097410, guid: 28bdeada6f2d8af42b9fc93fc395278e,
        type: 3}
      propertyPath: m_LocalScale.x
      value: 2.5
      objectReference: {fileID: 0}
    - target: {fileID: 4483538387711097410, guid: 28bdeada6f2d8af42b9fc93fc395278e,
        type: 3}
      propertyPath: m_LocalScale.y
      value: 2.5
      objectReference: {fileID: 0}
    - target: {fileID: 4483538387711097410, guid: 28bdeada6f2d8af42b9fc93fc395278e,
        type: 3}
      propertyPath: m_LocalScale.z
      value: 2.5
      objectReference: {fileID: 0}
    m_RemovedComponents: []
  m_SourcePrefab: {fileID: 100100000, guid: 28bdeada6f2d8af42b9fc93fc395278e, type: 3}
--- !u!4 &5689317851333329766 stripped
Transform:
  m_CorrespondingSourceObject: {fileID: 4483538387711097410, guid: 28bdeada6f2d8af42b9fc93fc395278e,
    type: 3}
  m_PrefabInstance: {fileID: 8127939708607789348}
  m_PrefabAsset: {fileID: 0}
