%YAML 1.1
%TAG !u! tag:unity3d.com,2011:
--- !u!1 &5903258228328496404
GameObject:
  m_ObjectHideFlags: 0
  m_CorrespondingSourceObject: {fileID: 0}
  m_PrefabInstance: {fileID: 0}
  m_PrefabAsset: {fileID: 0}
  serializedVersion: 6
  m_Component:
  - component: {fileID: 7473670582186086151}
  - component: {fileID: 1940147035478046001}
  - component: {fileID: 5318821632846449096}
  - component: {fileID: -7067202558222889494}
  - component: {fileID: 5349360566549949079}
  - component: {fileID: -7433433598122908235}
  - component: {fileID: -2038133738183723765}
  m_Layer: 0
  m_Name: PRE_BoxBig_02
  m_TagString: Untagged
  m_Icon: {fileID: 0}
  m_NavMeshLayer: 0
  m_StaticEditorFlags: 0
  m_IsActive: 1
--- !u!4 &7473670582186086151
Transform:
  m_ObjectHideFlags: 0
  m_CorrespondingSourceObject: {fileID: 0}
  m_PrefabInstance: {fileID: 0}
  m_PrefabAsset: {fileID: 0}
  m_GameObject: {fileID: 5903258228328496404}
  m_LocalRotation: {x: 0, y: -0, z: -0, w: 1}
  m_LocalPosition: {x: -0, y: 0, z: 0}
  m_LocalScale: {x: 3, y: 3, z: 3}
  m_Children: []
  m_Father: {fileID: 0}
  m_RootOrder: 0
  m_LocalEulerAnglesHint: {x: 0, y: 0, z: 0}
--- !u!33 &1940147035478046001
MeshFilter:
  m_ObjectHideFlags: 0
  m_CorrespondingSourceObject: {fileID: 0}
  m_PrefabInstance: {fileID: 0}
  m_PrefabAsset: {fileID: 0}
  m_GameObject: {fileID: 5903258228328496404}
  m_Mesh: {fileID: 3107781221798799072, guid: 663055262a505bd4dbaa0ce86de92d22, type: 3}
--- !u!23 &5318821632846449096
MeshRenderer:
  m_ObjectHideFlags: 0
  m_CorrespondingSourceObject: {fileID: 0}
  m_PrefabInstance: {fileID: 0}
  m_PrefabAsset: {fileID: 0}
  m_GameObject: {fileID: 5903258228328496404}
  m_Enabled: 1
  m_CastShadows: 1
  m_ReceiveShadows: 1
  m_DynamicOccludee: 1
  m_MotionVectors: 1
  m_LightProbeUsage: 1
  m_ReflectionProbeUsage: 1
  m_RenderingLayerMask: 1
  m_RendererPriority: 0
  m_Materials:
  - {fileID: 2100000, guid: 376421355b0481e42a56ad030c593bf0, type: 2}
  m_StaticBatchInfo:
    firstSubMesh: 0
    subMeshCount: 0
  m_StaticBatchRoot: {fileID: 0}
  m_ProbeAnchor: {fileID: 0}
  m_LightProbeVolumeOverride: {fileID: 0}
  m_ScaleInLightmap: 1
  m_PreserveUVs: 0
  m_IgnoreNormalsForChartDetection: 0
  m_ImportantGI: 0
  m_StitchLightmapSeams: 1
  m_SelectedEditorRenderState: 3
  m_MinimumChartSize: 4
  m_AutoUVMaxDistance: 0.5
  m_AutoUVMaxAngle: 89
  m_LightmapParameters: {fileID: 0}
  m_SortingLayerID: 0
  m_SortingLayer: 0
  m_SortingOrder: 0
--- !u!114 &-7067202558222889494
MonoBehaviour:
  m_ObjectHideFlags: 0
  m_CorrespondingSourceObject: {fileID: 0}
  m_PrefabInstance: {fileID: 0}
  m_PrefabAsset: {fileID: 0}
  m_GameObject: {fileID: 5903258228328496404}
  m_Enabled: 1
  m_EditorHideFlags: 0
  m_Script: {fileID: 11500000, guid: 40853edd02468dc47ba6dc03ea9f7a90, type: 3}
  m_Name: 
  m_EditorClassIdentifier: 
  _WSHDrone: Play_WSH_Drone
  _WSHLarge: Play_WSH_Large
  _WSHMedium: Play_WSH_Medium
  _WSHSmall: Play_WSH_Small
  _IsDrone: 0
  _IsLarge: 0
  _IsMedium: 0
  _IsSmall: 1
--- !u!65 &5349360566549949079
BoxCollider:
  m_ObjectHideFlags: 0
  m_CorrespondingSourceObject: {fileID: 0}
  m_PrefabInstance: {fileID: 0}
  m_PrefabAsset: {fileID: 0}
  m_GameObject: {fileID: 5903258228328496404}
  m_Material: {fileID: 0}
  m_IsTrigger: 0
  m_Enabled: 1
  serializedVersion: 2
  m_Size: {x: 2, y: 1.15, z: 1}
  m_Center: {x: -0.5, y: 0.58, z: 0}
--- !u!54 &-7433433598122908235
Rigidbody:
  m_ObjectHideFlags: 0
  m_CorrespondingSourceObject: {fileID: 0}
  m_PrefabInstance: {fileID: 0}
  m_PrefabAsset: {fileID: 0}
  m_GameObject: {fileID: 5903258228328496404}
  serializedVersion: 2
  m_Mass: 250
  m_Drag: 0
  m_AngularDrag: 0.05
  m_UseGravity: 1
  m_IsKinematic: 0
  m_Interpolate: 0
  m_Constraints: 0
  m_CollisionDetection: 2
--- !u!114 &-2038133738183723765
MonoBehaviour:
  m_ObjectHideFlags: 0
  m_CorrespondingSourceObject: {fileID: 0}
  m_PrefabInstance: {fileID: 0}
  m_PrefabAsset: {fileID: 0}
  m_GameObject: {fileID: 5903258228328496404}
  m_Enabled: 1
  m_EditorHideFlags: 0
  m_Script: {fileID: 11500000, guid: e0905054efc7ba34c8f950a8ca8a8b40, type: 3}
  m_Name: 
  m_EditorClassIdentifier: 
  _MetalBoxBike: Play_SFX_MetalBox_Bike
  _MetalBoxBounce: Play_SFX_MetalBox_Bounce
  _GroundLayer:
    serializedVersion: 2
    m_Bits: 0
  collisionEnterMinValue: 0
  collisionEnterMaxValue: 0
  collisionStayMinValue: 0
  collisionStayMaxValue: 0
  debugLogCollisionInfo: 0
