%YAML 1.1
%TAG !u! tag:unity3d.com,2011:
--- !u!1 &5115839962484423134
GameObject:
  m_ObjectHideFlags: 0
  m_CorrespondingSourceObject: {fileID: 0}
  m_PrefabInstance: {fileID: 0}
  m_PrefabAsset: {fileID: 0}
  serializedVersion: 6
  m_Component:
  - component: {fileID: 4906982071779254793}
  m_Layer: 0
  m_Name: PRE_RoadLightPair_01
  m_TagString: Untagged
  m_Icon: {fileID: 0}
  m_NavMeshLayer: 0
  m_StaticEditorFlags: 0
  m_IsActive: 1
--- !u!4 &4906982071779254793
Transform:
  m_ObjectHideFlags: 0
  m_CorrespondingSourceObject: {fileID: 0}
  m_PrefabInstance: {fileID: 0}
  m_PrefabAsset: {fileID: 0}
  m_GameObject: {fileID: 5115839962484423134}
  m_LocalRotation: {x: 0, y: 0, z: 0, w: 1}
  m_LocalPosition: {x: 0, y: 0, z: 0}
  m_LocalScale: {x: 1, y: 1, z: 1}
  m_Children:
  - {fileID: 4844047677482342726}
  - {fileID: 7896941693083427917}
  m_Father: {fileID: 0}
  m_RootOrder: 0
  m_LocalEulerAnglesHint: {x: 0, y: 0, z: 0}
--- !u!54 &1349018275013790450
Rigidbody:
  m_ObjectHideFlags: 0
  m_CorrespondingSourceObject: {fileID: 0}
  m_PrefabInstance: {fileID: 0}
  m_PrefabAsset: {fileID: 0}
  m_GameObject: {fileID: 6614885675997288030}
  serializedVersion: 2
  m_Mass: 1
  m_Drag: 0
  m_AngularDrag: 0.05
  m_UseGravity: 1
  m_IsKinematic: 0
  m_Interpolate: 0
  m_Constraints: 80
  m_CollisionDetection: 2
--- !u!1001 &6204611759525792418
PrefabInstance:
  m_ObjectHideFlags: 0
  serializedVersion: 2
  m_Modification:
    m_TransformParent: {fileID: 4906982071779254793}
    m_Modifications:
    - target: {fileID: 997546201645341948, guid: 11348a1d083d7a14ea4c703835ba6b30,
        type: 3}
      propertyPath: m_Name
      value: PRE_RoadLight_02 (1)
      objectReference: {fileID: 0}
    - target: {fileID: 4290988321721200367, guid: 11348a1d083d7a14ea4c703835ba6b30,
        type: 3}
      propertyPath: m_LocalPosition.x
      value: -3
      objectReference: {fileID: 0}
    - target: {fileID: 4290988321721200367, guid: 11348a1d083d7a14ea4c703835ba6b30,
        type: 3}
      propertyPath: m_LocalPosition.y
      value: 0
      objectReference: {fileID: 0}
    - target: {fileID: 4290988321721200367, guid: 11348a1d083d7a14ea4c703835ba6b30,
        type: 3}
      propertyPath: m_LocalPosition.z
      value: 0
      objectReference: {fileID: 0}
    - target: {fileID: 4290988321721200367, guid: 11348a1d083d7a14ea4c703835ba6b30,
        type: 3}
      propertyPath: m_LocalRotation.x
      value: -0
      objectReference: {fileID: 0}
    - target: {fileID: 4290988321721200367, guid: 11348a1d083d7a14ea4c703835ba6b30,
        type: 3}
      propertyPath: m_LocalRotation.y
      value: -0
      objectReference: {fileID: 0}
    - target: {fileID: 4290988321721200367, guid: 11348a1d083d7a14ea4c703835ba6b30,
        type: 3}
      propertyPath: m_LocalRotation.z
      value: -0
      objectReference: {fileID: 0}
    - target: {fileID: 4290988321721200367, guid: 11348a1d083d7a14ea4c703835ba6b30,
        type: 3}
      propertyPath: m_LocalRotation.w
      value: 1
      objectReference: {fileID: 0}
    - target: {fileID: 4290988321721200367, guid: 11348a1d083d7a14ea4c703835ba6b30,
        type: 3}
      propertyPath: m_RootOrder
      value: 1
      objectReference: {fileID: 0}
    - target: {fileID: 4290988321721200367, guid: 11348a1d083d7a14ea4c703835ba6b30,
        type: 3}
      propertyPath: m_LocalEulerAnglesHint.x
      value: 0
      objectReference: {fileID: 0}
    - target: {fileID: 4290988321721200367, guid: 11348a1d083d7a14ea4c703835ba6b30,
        type: 3}
      propertyPath: m_LocalEulerAnglesHint.y
      value: 0
      objectReference: {fileID: 0}
    - target: {fileID: 4290988321721200367, guid: 11348a1d083d7a14ea4c703835ba6b30,
        type: 3}
      propertyPath: m_LocalEulerAnglesHint.z
      value: 0
      objectReference: {fileID: 0}
    - target: {fileID: 4290988321721200367, guid: 11348a1d083d7a14ea4c703835ba6b30,
        type: 3}
      propertyPath: m_LocalScale.x
      value: 2
      objectReference: {fileID: 0}
    - target: {fileID: 4290988321721200367, guid: 11348a1d083d7a14ea4c703835ba6b30,
        type: 3}
      propertyPath: m_LocalScale.y
      value: 2
      objectReference: {fileID: 0}
    - target: {fileID: 4290988321721200367, guid: 11348a1d083d7a14ea4c703835ba6b30,
        type: 3}
      propertyPath: m_LocalScale.z
      value: 2
      objectReference: {fileID: 0}
    m_RemovedComponents: []
  m_SourcePrefab: {fileID: 100100000, guid: 11348a1d083d7a14ea4c703835ba6b30, type: 3}
--- !u!1 &6614885675997288030 stripped
GameObject:
  m_CorrespondingSourceObject: {fileID: 997546201645341948, guid: 11348a1d083d7a14ea4c703835ba6b30,
    type: 3}
  m_PrefabInstance: {fileID: 6204611759525792418}
  m_PrefabAsset: {fileID: 0}
--- !u!4 &7896941693083427917 stripped
Transform:
  m_CorrespondingSourceObject: {fileID: 4290988321721200367, guid: 11348a1d083d7a14ea4c703835ba6b30,
    type: 3}
  m_PrefabInstance: {fileID: 6204611759525792418}
  m_PrefabAsset: {fileID: 0}
--- !u!1001 &8697898484028585897
PrefabInstance:
  m_ObjectHideFlags: 0
  serializedVersion: 2
  m_Modification:
    m_TransformParent: {fileID: 4906982071779254793}
    m_Modifications:
    - target: {fileID: 997546201645341948, guid: 11348a1d083d7a14ea4c703835ba6b30,
        type: 3}
      propertyPath: m_Name
      value: PRE_RoadLight_02
      objectReference: {fileID: 0}
    - target: {fileID: 4290988321721200367, guid: 11348a1d083d7a14ea4c703835ba6b30,
        type: 3}
      propertyPath: m_LocalPosition.x
      value: -53
      objectReference: {fileID: 0}
    - target: {fileID: 4290988321721200367, guid: 11348a1d083d7a14ea4c703835ba6b30,
        type: 3}
      propertyPath: m_LocalPosition.y
      value: 0
      objectReference: {fileID: 0}
    - target: {fileID: 4290988321721200367, guid: 11348a1d083d7a14ea4c703835ba6b30,
        type: 3}
      propertyPath: m_LocalPosition.z
      value: 0
      objectReference: {fileID: 0}
    - target: {fileID: 4290988321721200367, guid: 11348a1d083d7a14ea4c703835ba6b30,
        type: 3}
      propertyPath: m_LocalRotation.x
      value: -0
      objectReference: {fileID: 0}
    - target: {fileID: 4290988321721200367, guid: 11348a1d083d7a14ea4c703835ba6b30,
        type: 3}
      propertyPath: m_LocalRotation.y
      value: -0
      objectReference: {fileID: 0}
    - target: {fileID: 4290988321721200367, guid: 11348a1d083d7a14ea4c703835ba6b30,
        type: 3}
      propertyPath: m_LocalRotation.z
      value: -0
      objectReference: {fileID: 0}
    - target: {fileID: 4290988321721200367, guid: 11348a1d083d7a14ea4c703835ba6b30,
        type: 3}
      propertyPath: m_LocalRotation.w
      value: 1
      objectReference: {fileID: 0}
    - target: {fileID: 4290988321721200367, guid: 11348a1d083d7a14ea4c703835ba6b30,
        type: 3}
      propertyPath: m_RootOrder
      value: 0
      objectReference: {fileID: 0}
    - target: {fileID: 4290988321721200367, guid: 11348a1d083d7a14ea4c703835ba6b30,
        type: 3}
      propertyPath: m_LocalEulerAnglesHint.x
      value: 0
      objectReference: {fileID: 0}
    - target: {fileID: 4290988321721200367, guid: 11348a1d083d7a14ea4c703835ba6b30,
        type: 3}
      propertyPath: m_LocalEulerAnglesHint.y
      value: 0
      objectReference: {fileID: 0}
    - target: {fileID: 4290988321721200367, guid: 11348a1d083d7a14ea4c703835ba6b30,
        type: 3}
      propertyPath: m_LocalEulerAnglesHint.z
      value: 0
      objectReference: {fileID: 0}
    - target: {fileID: 4290988321721200367, guid: 11348a1d083d7a14ea4c703835ba6b30,
        type: 3}
      propertyPath: m_LocalScale.x
      value: 2
      objectReference: {fileID: 0}
    - target: {fileID: 4290988321721200367, guid: 11348a1d083d7a14ea4c703835ba6b30,
        type: 3}
      propertyPath: m_LocalScale.y
      value: 2
      objectReference: {fileID: 0}
    - target: {fileID: 4290988321721200367, guid: 11348a1d083d7a14ea4c703835ba6b30,
        type: 3}
      propertyPath: m_LocalScale.z
      value: 2
      objectReference: {fileID: 0}
    m_RemovedComponents: []
  m_SourcePrefab: {fileID: 100100000, guid: 11348a1d083d7a14ea4c703835ba6b30, type: 3}
--- !u!4 &4844047677482342726 stripped
Transform:
  m_CorrespondingSourceObject: {fileID: 4290988321721200367, guid: 11348a1d083d7a14ea4c703835ba6b30,
    type: 3}
  m_PrefabInstance: {fileID: 8697898484028585897}
  m_PrefabAsset: {fileID: 0}
