%YAML 1.1
%TAG !u! tag:unity3d.com,2011:
--- !u!1 &6481955814321336671
GameObject:
  m_ObjectHideFlags: 0
  m_CorrespondingSourceObject: {fileID: 0}
  m_PrefabInstance: {fileID: 0}
  m_PrefabAsset: {fileID: 0}
  serializedVersion: 6
  m_Component:
  - component: {fileID: 8047881546640671564}
  - component: {fileID: 1365953117748689274}
  - component: {fileID: 4740142463739790723}
  - component: {fileID: 5038192890087590786}
  - component: {fileID: 4496064538033296136}
  - component: {fileID: 803701217820143906}
  - component: {fileID: -5688455127843060711}
  - component: {fileID: -5390961946714232102}
  m_Layer: 0
  m_Name: PRE_TrashCollector_02
  m_TagString: Untagged
  m_Icon: {fileID: 0}
  m_NavMeshLayer: 0
  m_StaticEditorFlags: 0
  m_IsActive: 1
--- !u!4 &8047881546640671564
Transform:
  m_ObjectHideFlags: 0
  m_CorrespondingSourceObject: {fileID: 0}
  m_PrefabInstance: {fileID: 0}
  m_PrefabAsset: {fileID: 0}
  m_GameObject: {fileID: 6481955814321336671}
  m_LocalRotation: {x: 0, y: -0, z: -0, w: 1}
  m_LocalPosition: {x: 1.9592457, y: -6.335012e-17, z: 2.9030354}
  m_LocalScale: {x: 3, y: 3, z: 3}
  m_Children: []
  m_Father: {fileID: 0}
  m_RootOrder: 0
  m_LocalEulerAnglesHint: {x: 0, y: 0, z: 0}
--- !u!33 &1365953117748689274
MeshFilter:
  m_ObjectHideFlags: 0
  m_CorrespondingSourceObject: {fileID: 0}
  m_PrefabInstance: {fileID: 0}
  m_PrefabAsset: {fileID: 0}
  m_GameObject: {fileID: 6481955814321336671}
  m_Mesh: {fileID: -4448845584828797052, guid: c4a9eed40d6a8b348a0ace4c5233a102, type: 3}
--- !u!23 &4740142463739790723
MeshRenderer:
  m_ObjectHideFlags: 0
  m_CorrespondingSourceObject: {fileID: 0}
  m_PrefabInstance: {fileID: 0}
  m_PrefabAsset: {fileID: 0}
  m_GameObject: {fileID: 6481955814321336671}
  m_Enabled: 1
  m_CastShadows: 1
  m_ReceiveShadows: 1
  m_DynamicOccludee: 1
  m_MotionVectors: 1
  m_LightProbeUsage: 1
  m_ReflectionProbeUsage: 1
  m_RenderingLayerMask: 1
  m_RendererPriority: 0
  m_Materials:
  - {fileID: 2100000, guid: 376421355b0481e42a56ad030c593bf0, type: 2}
  m_StaticBatchInfo:
    firstSubMesh: 0
    subMeshCount: 0
  m_StaticBatchRoot: {fileID: 0}
  m_ProbeAnchor: {fileID: 0}
  m_LightProbeVolumeOverride: {fileID: 0}
  m_ScaleInLightmap: 1
  m_PreserveUVs: 0
  m_IgnoreNormalsForChartDetection: 0
  m_ImportantGI: 0
  m_StitchLightmapSeams: 1
  m_SelectedEditorRenderState: 3
  m_MinimumChartSize: 4
  m_AutoUVMaxDistance: 0.5
  m_AutoUVMaxAngle: 89
  m_LightmapParameters: {fileID: 0}
  m_SortingLayerID: 0
  m_SortingLayer: 0
  m_SortingOrder: 0
--- !u!65 &5038192890087590786
BoxCollider:
  m_ObjectHideFlags: 0
  m_CorrespondingSourceObject: {fileID: 0}
  m_PrefabInstance: {fileID: 0}
  m_PrefabAsset: {fileID: 0}
  m_GameObject: {fileID: 6481955814321336671}
  m_Material: {fileID: 0}
  m_IsTrigger: 0
  m_Enabled: 1
  serializedVersion: 2
  m_Size: {x: 2.1304586, y: 1.5999999, z: 2.130459}
  m_Center: {x: 0.00000011920929, y: 0.79999995, z: 0}
--- !u!54 &4496064538033296136
Rigidbody:
  m_ObjectHideFlags: 0
  m_CorrespondingSourceObject: {fileID: 0}
  m_PrefabInstance: {fileID: 0}
  m_PrefabAsset: {fileID: 0}
  m_GameObject: {fileID: 6481955814321336671}
  serializedVersion: 2
  m_Mass: 200
  m_Drag: 0
  m_AngularDrag: 0.05
  m_UseGravity: 1
  m_IsKinematic: 0
  m_Interpolate: 0
  m_Constraints: 0
  m_CollisionDetection: 2
--- !u!114 &803701217820143906
MonoBehaviour:
  m_ObjectHideFlags: 0
  m_CorrespondingSourceObject: {fileID: 0}
  m_PrefabInstance: {fileID: 0}
  m_PrefabAsset: {fileID: 0}
  m_GameObject: {fileID: 6481955814321336671}
  m_Enabled: 1
  m_EditorHideFlags: 0
  m_Script: {fileID: 11500000, guid: 22d1ee74bb1bae441aa93bc91237304f, type: 3}
  m_Name: 
  m_EditorClassIdentifier: 
  _Force: 10000
--- !u!114 &-5688455127843060711
MonoBehaviour:
  m_ObjectHideFlags: 0
  m_CorrespondingSourceObject: {fileID: 0}
  m_PrefabInstance: {fileID: 0}
  m_PrefabAsset: {fileID: 0}
  m_GameObject: {fileID: 6481955814321336671}
  m_Enabled: 1
  m_EditorHideFlags: 0
  m_Script: {fileID: 11500000, guid: 40853edd02468dc47ba6dc03ea9f7a90, type: 3}
  m_Name: 
  m_EditorClassIdentifier: 
  _WSHDrone: Play_WSH_Drone
  _WSHLarge: Play_WSH_Large
  _WSHMedium: Play_WSH_Medium
  _WSHSmall: Play_WSH_Small
  _IsDrone: 0
  _IsLarge: 0
  _IsMedium: 1
  _IsSmall: 0
--- !u!114 &-5390961946714232102
MonoBehaviour:
  m_ObjectHideFlags: 0
  m_CorrespondingSourceObject: {fileID: 0}
  m_PrefabInstance: {fileID: 0}
  m_PrefabAsset: {fileID: 0}
  m_GameObject: {fileID: 6481955814321336671}
  m_Enabled: 1
  m_EditorHideFlags: 0
  m_Script: {fileID: 11500000, guid: e0905054efc7ba34c8f950a8ca8a8b40, type: 3}
  m_Name: 
  m_EditorClassIdentifier: 
  _MetalBoxBike: Play_SFX_MetalBox_Bike
  _MetalBoxBounce: Play_SFX_MetalBox_Bounce
  _GroundLayer:
    serializedVersion: 2
    m_Bits: 0
  collisionEnterMinValue: 0
  collisionEnterMaxValue: 0
  collisionStayMinValue: 0
  collisionStayMaxValue: 0
  debugLogCollisionInfo: 0
